price,quantity,type,timestamp
38900,51,0,2024-04-17 18:54:29.174
38890,132.4801,0,2024-04-17 18:54:29.174
38870,288.4801,0,2024-04-17 18:54:29.174
38860,58.832,0,2024-04-17 18:54:29.174
38850,137.2594,0,2024-04-17 18:54:29.174
38950,51,1,2024-04-17 18:54:29.174
38960,108.8123,1,2024-04-17 18:54:29.174
38970,182.5747,1,2024-04-17 18:54:29.174
38980,57.1697,1,2024-04-17 18:54:29.174
38990,183.4801,1,2024-04-17 18:54:29.174
38900,51,0,2024-04-17 18:54:34.305
38890,132.4801,0,2024-04-17 18:54:34.305
38870,288.4801,0,2024-04-17 18:54:34.305
38860,58.832,0,2024-04-17 18:54:34.305
38850,137.2594,0,2024-04-17 18:54:34.305
38950,51,1,2024-04-17 18:54:34.305
38960,108.8123,1,2024-04-17 18:54:34.305
38970,182.5747,1,2024-04-17 18:54:34.305
38980,57.1697,1,2024-04-17 18:54:34.305
38990,696.5631,1,2024-04-17 18:54:34.305
38900,51,0,2024-04-17 18:54:39.419
38890,132.4801,0,2024-04-17 18:54:39.419
38870,288.4801,0,2024-04-17 18:54:39.419
38860,58.832,0,2024-04-17 18:54:39.419
38850,137.2594,0,2024-04-17 18:54:39.419
38950,51,1,2024-04-17 18:54:39.419
38960,108.8123,1,2024-04-17 18:54:39.419
38970,695.7897,1,2024-04-17 18:54:39.419
38980,57.1697,1,2024-04-17 18:54:39.419
38990,183.4801,1,2024-04-17 18:54:39.419
38380,0,0,2024-04-17 21:12:55.017
38370,6.7728,0,2024-04-17 21:12:55.017
38360,0.5225,0,2024-04-17 21:12:55.017
38350,0.2625,0,2024-04-17 21:12:55.017
38340,55.6971,0,2024-04-17 21:12:55.017
38390,27.4801,1,2024-04-17 21:12:55.017
38400,57.8881,1,2024-04-17 21:12:55.017
38410,80.568,1,2024-04-17 21:12:55.017
38420,29.112,1,2024-04-17 21:12:55.017
38430,28.92,1,2024-04-17 21:12:55.017
38340,28.4795,0,2024-04-17 21:13:00.104
38330,21.1813,0,2024-04-17 21:13:00.104
38320,1.77,0,2024-04-17 21:13:00.104
38300,34.2244,0,2024-04-17 21:13:00.104
38290,0.7724,0,2024-04-17 21:13:00.104
38350,29.76,1,2024-04-17 21:13:00.104
38360,29.3471,1,2024-04-17 21:13:00.104
38370,28.824,1,2024-04-17 21:13:00.104
38380,30.36,1,2024-04-17 21:13:00.104
38390,31.128,1,2024-04-17 21:13:00.104
38300,34.2244,0,2024-04-17 21:13:05.458
38290,0.7724,0,2024-04-17 21:13:05.458
38280,2.851,0,2024-04-17 21:13:05.458
38270,132.7426,0,2024-04-17 21:13:05.458
38260,78.7398,0,2024-04-17 21:13:05.458
38330,11,1,2024-04-17 21:13:05.458
38340,23.67,1,2024-04-17 21:13:05.458
38350,29.352,1,2024-04-17 21:13:05.458
38370,29.736,1,2024-04-17 21:13:05.458
38390,104,1,2024-04-17 21:13:05.458
38300,23.0827,0,2024-04-17 21:13:10.676
38290,28.2525,0,2024-04-17 21:13:10.676
38280,2.851,0,2024-04-17 21:13:10.676
38270,28.7426,0,2024-04-17 21:13:10.676
38260,58.9158,0,2024-04-17 21:13:10.676
38380,30.36,1,2024-04-17 21:13:10.676
38400,30.744,1,2024-04-17 21:13:10.676
38410,546.7658,1,2024-04-17 21:13:10.676
38440,113.419,1,2024-04-17 21:13:10.676
38450,526.0484,1,2024-04-17 21:13:10.676
38290,28.2525,0,2024-04-17 21:13:15.802
38280,2.851,0,2024-04-17 21:13:15.802
38270,28.7426,0,2024-04-17 21:13:15.802
38260,58.9158,0,2024-04-17 21:13:15.802
38250,561.7952,0,2024-04-17 21:13:15.802
38300,179.5734,1,2024-04-17 21:13:15.802
38390,28.944,1,2024-04-17 21:13:15.802
38400,30.744,1,2024-04-17 21:13:15.802
38410,548.969,1,2024-04-17 21:13:15.802
38440,113.419,1,2024-04-17 21:13:15.802
38320,104,0,2024-04-17 21:13:20.918
38300,172.3325,0,2024-04-17 21:13:20.918
38290,28.2525,0,2024-04-17 21:13:20.918
38280,2.851,0,2024-04-17 21:13:20.918
38270,392.4876,0,2024-04-17 21:13:20.918
38370,181.3687,1,2024-04-17 21:13:20.918
38380,27.4801,1,2024-04-17 21:13:20.918
38390,27.4801,1,2024-04-17 21:13:20.918
38400,30.744,1,2024-04-17 21:13:20.918
38410,600.105,1,2024-04-17 21:13:20.918
38290,28.2525,0,2024-04-17 21:13:26.002
38280,53.851,0,2024-04-17 21:13:26.002
38270,28.7426,0,2024-04-17 21:13:26.002
38260,27.7398,0,2024-04-17 21:13:26.002
38250,557.1129,0,2024-04-17 21:13:26.002
38350,27.4801,1,2024-04-17 21:13:26.002
38360,27.4801,1,2024-04-17 21:13:26.002
38370,30.528,1,2024-04-17 21:13:26.002
38380,57.9601,1,2024-04-17 21:13:26.002
38390,57.4321,1,2024-04-17 21:13:26.002
38290,0.7724,0,2024-04-17 21:13:31.112
38280,2.851,0,2024-04-17 21:13:31.112
38270,1.2625,0,2024-04-17 21:13:31.112
38260,55.2199,0,2024-04-17 21:13:31.112
38250,532.3805,0,2024-04-17 21:13:31.112
38330,27.4801,1,2024-04-17 21:13:31.112
38340,27.4801,1,2024-04-17 21:13:31.112
38350,56.4961,1,2024-04-17 21:13:31.112
38360,58.2961,1,2024-04-17 21:13:31.112
38370,30.528,1,2024-04-17 21:13:31.112
38280,2.851,0,2024-04-17 21:13:36.203
38270,1.2625,0,2024-04-17 21:13:36.203
38260,27.7398,0,2024-04-17 21:13:36.203
38250,4.9004,0,2024-04-17 21:13:36.203
38240,18.5645,0,2024-04-17 21:13:36.203
38290,29.0364,1,2024-04-17 21:13:36.203
38310,56.9041,1,2024-04-17 21:13:36.203
38320,30.168,1,2024-04-17 21:13:36.203
38330,108.3841,1,2024-04-17 21:13:36.203
38340,161.1201,1,2024-04-17 21:13:36.203
38280,2.851,0,2024-04-17 21:13:41.280
38270,1.2625,0,2024-04-17 21:13:41.280
38260,27.7398,0,2024-04-17 21:13:41.280
38250,4.9004,0,2024-04-17 21:13:41.280
38240,46.0446,0,2024-04-17 21:13:41.280
38310,27.4801,1,2024-04-17 21:13:41.280
38330,27.4801,1,2024-04-17 21:13:41.280
38340,57.1201,1,2024-04-17 21:13:41.280
38360,81.696,1,2024-04-17 21:13:41.280
38370,130.1164,1,2024-04-17 21:13:41.280
38280,2.851,0,2024-04-17 21:13:46.368
38270,52.2625,0,2024-04-17 21:13:46.368
38260,27.7398,0,2024-04-17 21:13:46.368
38250,258.9004,0,2024-04-17 21:13:46.368
38240,150.0446,0,2024-04-17 21:13:46.368
38330,78.4801,1,2024-04-17 21:13:46.368
38340,161.1201,1,2024-04-17 21:13:46.368
38360,180.696,1,2024-04-17 21:13:46.368
38370,104,1,2024-04-17 21:13:46.368
38390,104,1,2024-04-17 21:13:46.368
38280,2.851,0,2024-04-17 21:13:51.469
38270,52.2625,0,2024-04-17 21:13:51.469
38260,131.7398,0,2024-04-17 21:13:51.469
38250,154.9004,0,2024-04-17 21:13:51.469
38240,150.0446,0,2024-04-17 21:13:51.469
38330,78.4801,1,2024-04-17 21:13:51.469
38340,131.4801,1,2024-04-17 21:13:51.469
38360,180.696,1,2024-04-17 21:13:51.469
38370,134.288,1,2024-04-17 21:13:51.469
38390,104,1,2024-04-17 21:13:51.469
38280,2.851,0,2024-04-17 21:13:56.597
38270,105.2625,0,2024-04-17 21:13:56.597
38260,78.7398,0,2024-04-17 21:13:56.597
38250,154.9004,0,2024-04-17 21:13:56.597
38240,150.0446,0,2024-04-17 21:13:56.597
38330,27.4801,1,2024-04-17 21:13:56.597
38340,131.4801,1,2024-04-17 21:13:56.597
38350,80.28,1,2024-04-17 21:13:56.597
38360,702.072,1,2024-04-17 21:13:56.597
38370,134.288,1,2024-04-17 21:13:56.597
38280,3.851,0,2024-04-17 21:14:01.698
38270,156.2625,0,2024-04-17 21:14:01.698
38260,27.7398,0,2024-04-17 21:14:01.698
38250,154.9004,0,2024-04-17 21:14:01.698
38240,150.0446,0,2024-04-17 21:14:01.698
38330,27.4801,1,2024-04-17 21:14:01.698
38340,131.4801,1,2024-04-17 21:14:01.698
38350,80.28,1,2024-04-17 21:14:01.698
38360,702.072,1,2024-04-17 21:14:01.698
38370,134.288,1,2024-04-17 21:14:01.698
38270,1.2625,0,2024-04-17 21:14:06.792
38260,78.7398,0,2024-04-17 21:14:06.792
38250,154.9004,0,2024-04-17 21:14:06.792
38240,150.0446,0,2024-04-17 21:14:06.792
38230,30.9507,0,2024-04-17 21:14:06.792
38330,27.4801,1,2024-04-17 21:14:06.792
38340,704.1281,1,2024-04-17 21:14:06.792
38350,29.28,1,2024-04-17 21:14:06.792
38360,180.696,1,2024-04-17 21:14:06.792
38370,196.707,1,2024-04-17 21:14:06.792
38270,1.2625,0,2024-04-17 21:14:11.902
38260,106.2199,0,2024-04-17 21:14:11.902
38250,110.9004,0,2024-04-17 21:14:11.902
38240,46.0446,0,2024-04-17 21:14:11.902
38230,30.9507,0,2024-04-17 21:14:11.902
38330,27.4801,1,2024-04-17 21:14:11.902
38340,27.4801,1,2024-04-17 21:14:11.902
38350,29.28,1,2024-04-17 21:14:11.902
38360,707.072,1,2024-04-17 21:14:11.902
38370,30.288,1,2024-04-17 21:14:11.902
38290,0.4247,0,2024-04-17 21:14:17.031
38270,28.6938,0,2024-04-17 21:14:17.031
38260,55.2199,0,2024-04-17 21:14:17.031
38250,6.9004,0,2024-04-17 21:14:17.031
38240,46.0446,0,2024-04-17 21:14:17.031
38340,27.4801,1,2024-04-17 21:14:17.031
38350,27.4801,1,2024-04-17 21:14:17.031
38360,579.5521,1,2024-04-17 21:14:17.031
38370,30.288,1,2024-04-17 21:14:17.031
38380,51,1,2024-04-17 21:14:17.031
38260,27.7398,0,2024-04-17 21:14:22.130
38250,6.9004,0,2024-04-17 21:14:22.130
38240,46.0446,0,2024-04-17 21:14:22.130
38230,278.9757,0,2024-04-17 21:14:22.130
38220,108.9198,0,2024-04-17 21:14:22.130
38330,27.4801,1,2024-04-17 21:14:22.130
38340,57.2161,1,2024-04-17 21:14:22.130
38350,56.6881,1,2024-04-17 21:14:22.130
38360,107.3761,1,2024-04-17 21:14:22.130
38370,134.288,1,2024-04-17 21:14:22.130
38270,74.6961,0,2024-04-17 21:14:27.216
38260,78.7398,0,2024-04-17 21:14:27.216
38250,108.9004,0,2024-04-17 21:14:27.216
38240,46.0446,0,2024-04-17 21:14:27.216
38230,180.9507,0,2024-04-17 21:14:27.216
38320,155,1,2024-04-17 21:14:27.216
38330,27.4801,1,2024-04-17 21:14:27.216
38340,207.2161,1,2024-04-17 21:14:27.216
38350,160.6881,1,2024-04-17 21:14:27.216
38360,56.3761,1,2024-04-17 21:14:27.216
38270,74.6961,0,2024-04-17 21:14:32.330
38260,153.436,0,2024-04-17 21:14:32.330
38250,108.9004,0,2024-04-17 21:14:32.330
38240,46.0446,0,2024-04-17 21:14:32.330
38230,180.9507,0,2024-04-17 21:14:32.330
38330,78.4801,1,2024-04-17 21:14:32.330
38340,311.2161,1,2024-04-17 21:14:32.330
38350,56.6881,1,2024-04-17 21:14:32.330
38360,56.3761,1,2024-04-17 21:14:32.330
38370,238.288,1,2024-04-17 21:14:32.330
38270,44.6961,0,2024-04-17 21:14:37.414
38260,153.436,0,2024-04-17 21:14:37.414
38250,136.3805,0,2024-04-17 21:14:37.414
38240,46.0446,0,2024-04-17 21:14:37.414
38230,302.3727,0,2024-04-17 21:14:37.414
38320,154.739,1,2024-04-17 21:14:37.414
38330,27.4801,1,2024-04-17 21:14:37.414
38340,207.2161,1,2024-04-17 21:14:37.414
38350,56.6881,1,2024-04-17 21:14:37.414
38360,56.3761,1,2024-04-17 21:14:37.414
38270,44.6961,0,2024-04-17 21:14:42.505
38260,153.436,0,2024-04-17 21:14:42.505
38250,136.3805,0,2024-04-17 21:14:42.505
38240,46.0446,0,2024-04-17 21:14:42.505
38230,180.9507,0,2024-04-17 21:14:42.505
38320,154.478,1,2024-04-17 21:14:42.505
38330,27.4801,1,2024-04-17 21:14:42.505
38340,207.2161,1,2024-04-17 21:14:42.505
38350,56.6881,1,2024-04-17 21:14:42.505
38360,56.3761,1,2024-04-17 21:14:42.505
38270,44.6961,0,2024-04-17 21:14:47.625
38260,102.436,0,2024-04-17 21:14:47.625
38250,4.9004,0,2024-04-17 21:14:47.625
38240,18.5645,0,2024-04-17 21:14:47.625
38230,30.9507,0,2024-04-17 21:14:47.625
38290,51,1,2024-04-17 21:14:47.625
38300,27.4801,1,2024-04-17 21:14:47.625
38310,27.4801,1,2024-04-17 21:14:47.625
38320,30.624,1,2024-04-17 21:14:47.625
38330,57.7681,1,2024-04-17 21:14:47.625
38260,102.436,0,2024-04-17 21:14:52.735
38250,4.9004,0,2024-04-17 21:14:52.735
38240,18.5645,0,2024-04-17 21:14:52.735
38230,3.4706,0,2024-04-17 21:14:52.735
38220,5.6732,0,2024-04-17 21:14:52.735
38270,51,1,2024-04-17 21:14:52.735
38280,161.5281,1,2024-04-17 21:14:52.735
38290,29.856,1,2024-04-17 21:14:52.735
38300,161.0001,1,2024-04-17 21:14:52.735
38310,206.8321,1,2024-04-17 21:14:52.735
38260,264.977,0,2024-04-17 21:14:57.876
38250,4.9004,0,2024-04-17 21:14:57.876
38240,18.5645,0,2024-04-17 21:14:57.876
38230,3.4706,0,2024-04-17 21:14:57.876
38220,5.6732,0,2024-04-17 21:14:57.876
38280,27.4801,1,2024-04-17 21:14:57.876
38290,29.856,1,2024-04-17 21:14:57.876
38300,57.0001,1,2024-04-17 21:14:57.876
38310,56.8321,1,2024-04-17 21:14:57.876
38330,547.9004,1,2024-04-17 21:14:57.876
38250,4.9004,0,2024-04-17 21:15:03.053
38240,18.5645,0,2024-04-17 21:15:03.053
38230,3.4706,0,2024-04-17 21:15:03.053
38220,3.7351,0,2024-04-17 21:15:03.053
38210,27.4801,0,2024-04-17 21:15:03.053
38280,27.4801,1,2024-04-17 21:15:03.053
38300,57.0001,1,2024-04-17 21:15:03.053
38310,107.8321,1,2024-04-17 21:15:03.053
38320,104,1,2024-04-17 21:15:03.053
38330,52.2397,1,2024-04-17 21:15:03.053
38250,6.8264,0,2024-04-17 21:15:08.155
38240,18.5645,0,2024-04-17 21:15:08.155
38230,3.4706,0,2024-04-17 21:15:08.155
38220,31.2152,0,2024-04-17 21:15:08.155
38210,78.4801,0,2024-04-17 21:15:08.155
38300,27.4801,1,2024-04-17 21:15:08.155
38310,66.8321,1,2024-04-17 21:15:08.155
38330,29.568,1,2024-04-17 21:15:08.155
38340,217.419,1,2024-04-17 21:15:08.155
38360,150,1,2024-04-17 21:15:08.155
38260,3.8394,0,2024-04-17 21:15:13.282
38250,6.8264,0,2024-04-17 21:15:13.282
38240,18.5645,0,2024-04-17 21:15:13.282
38230,3.4706,0,2024-04-17 21:15:13.282
38220,31.2152,0,2024-04-17 21:15:13.282
38300,27.4801,1,2024-04-17 21:15:13.282
38310,559.6731,1,2024-04-17 21:15:13.282
38320,27.4801,1,2024-04-17 21:15:13.282
38330,29.568,1,2024-04-17 21:15:13.282
38340,92.011,1,2024-04-17 21:15:13.282
38250,34.3065,0,2024-04-17 21:15:18.855
38240,46.0446,0,2024-04-17 21:15:18.855
38230,3.4706,0,2024-04-17 21:15:18.855
38220,308.9402,0,2024-04-17 21:15:18.855
38210,29.088,0,2024-04-17 21:15:18.855
38260,44.7447,1,2024-04-17 21:15:18.855
38310,10,1,2024-04-17 21:15:18.855
38330,549.2641,1,2024-04-17 21:15:18.855
38340,27.4801,1,2024-04-17 21:15:18.855
38350,27.4801,1,2024-04-17 21:15:18.855
38260,30.744,0,2024-04-17 21:15:24.623
38250,90.4194,0,2024-04-17 21:15:24.623
38240,75.5166,0,2024-04-17 21:15:24.623
38230,71.1479,0,2024-04-17 21:15:24.623
38220,107.7351,0,2024-04-17 21:15:24.623
38310,10,1,2024-04-17 21:15:24.623
38370,27.4801,1,2024-04-17 21:15:24.623
38380,27.4801,1,2024-04-17 21:15:24.623
38390,548.4491,1,2024-04-17 21:15:24.623
38400,30.168,1,2024-04-17 21:15:24.623
38310,17.4801,0,2024-04-17 21:15:30.372
38300,27.4801,0,2024-04-17 21:15:30.372
38280,27.4801,0,2024-04-17 21:15:30.372
38270,30.672,0,2024-04-17 21:15:30.372
38260,30.9514,0,2024-04-17 21:15:30.372
38380,27.4801,1,2024-04-17 21:15:30.372
38390,548.4491,1,2024-04-17 21:15:30.372
38400,27.4801,1,2024-04-17 21:15:30.372
38410,30.504,1,2024-04-17 21:15:30.372
38420,528.728,1,2024-04-17 21:15:30.372
38310,596.6265,0,2024-04-17 21:15:35.625
38300,27.4801,0,2024-04-17 21:15:35.625
38290,26.1028,0,2024-04-17 21:15:35.625
38280,27.4801,0,2024-04-17 21:15:35.625
38260,134.9514,0,2024-04-17 21:15:35.625
38380,27.4801,1,2024-04-17 21:15:35.625
38390,27.4801,1,2024-04-17 21:15:35.625
38400,56.9521,1,2024-04-17 21:15:35.625
38410,30.504,1,2024-04-17 21:15:35.625
38420,528.728,1,2024-04-17 21:15:35.625
38310,579.1464,0,2024-04-17 21:15:40.724
38300,27.4801,0,2024-04-17 21:15:40.724
38280,78.4801,0,2024-04-17 21:15:40.724
38270,191.345,0,2024-04-17 21:15:40.724
38260,0.6394,0,2024-04-17 21:15:40.724
38370,27.4801,1,2024-04-17 21:15:40.724
38380,27.4801,1,2024-04-17 21:15:40.724
38390,57.6721,1,2024-04-17 21:15:40.724
38400,56.9521,1,2024-04-17 21:15:40.724
38410,144.504,1,2024-04-17 21:15:40.724
38300,27.4801,0,2024-04-17 21:15:45.837
38280,79.7862,0,2024-04-17 21:15:45.837
38270,104,0,2024-04-17 21:15:45.837
38260,0.6394,0,2024-04-17 21:15:45.837
38250,115.1519,0,2024-04-17 21:15:45.837
38370,27.4801,1,2024-04-17 21:15:45.837
38380,27.4801,1,2024-04-17 21:15:45.837
38390,57.6721,1,2024-04-17 21:15:45.837
38400,56.9521,1,2024-04-17 21:15:45.837
38410,144.504,1,2024-04-17 21:15:45.837
38300,27.4801,0,2024-04-17 21:15:50.952
38280,115.3552,0,2024-04-17 21:15:50.952
38270,104,0,2024-04-17 21:15:50.952
38260,31.3354,0,2024-04-17 21:15:50.952
38250,115.1519,0,2024-04-17 21:15:50.952
38370,27.4801,1,2024-04-17 21:15:50.952
38380,27.4801,1,2024-04-17 21:15:50.952
38390,57.6721,1,2024-04-17 21:15:50.952
38400,56.9521,1,2024-04-17 21:15:50.952
38410,144.504,1,2024-04-17 21:15:50.952
38320,51,0,2024-04-17 21:15:56.079
38310,128.5578,0,2024-04-17 21:15:56.079
38300,177.4801,0,2024-04-17 21:15:56.079
38290,104,0,2024-04-17 21:15:56.079
38280,28.7862,0,2024-04-17 21:15:56.079
38370,27.4801,1,2024-04-17 21:15:56.079
38380,78.4801,1,2024-04-17 21:15:56.079
38390,131.4801,1,2024-04-17 21:15:56.079
38400,577.7851,1,2024-04-17 21:15:56.079
38410,294.504,1,2024-04-17 21:15:56.079
38330,78.4801,0,2024-04-17 21:16:01.286
38320,131.4801,0,2024-04-17 21:16:01.286
38310,24.5578,0,2024-04-17 21:16:01.286
38300,177.4801,0,2024-04-17 21:16:01.286
38290,135.08,0,2024-04-17 21:16:01.286
38400,548.3131,1,2024-04-17 21:16:01.286
38410,61,1,2024-04-17 21:16:01.286
38420,556.2081,1,2024-04-17 21:16:01.286
38430,316.419,1,2024-04-17 21:16:01.286
38440,136.28,1,2024-04-17 21:16:01.286
38350,21.4351,0,2024-04-17 21:16:06.377
38340,131.4801,0,2024-04-17 21:16:06.377
38330,78.4801,0,2024-04-17 21:16:06.377
38310,53.9578,0,2024-04-17 21:16:06.377
38300,178.872,0,2024-04-17 21:16:06.377
38410,10,1,2024-04-17 21:16:06.377
38420,520.833,1,2024-04-17 21:16:06.377
38430,27.4801,1,2024-04-17 21:16:06.377
38450,274.3166,1,2024-04-17 21:16:06.377
38460,134.552,1,2024-04-17 21:16:06.377
38330,27.4801,0,2024-04-17 21:16:11.506
38310,24.5578,0,2024-04-17 21:16:11.506
38300,51,0,2024-04-17 21:16:11.506
38280,136.3141,0,2024-04-17 21:16:11.506
38260,282.5754,0,2024-04-17 21:16:11.506
38400,27.4801,1,2024-04-17 21:16:11.506
38410,37.4801,1,2024-04-17 21:16:11.506
38420,520.833,1,2024-04-17 21:16:11.506
38430,56.9281,1,2024-04-17 21:16:11.506
38440,31.08,1,2024-04-17 21:16:11.506
38350,1.9189,0,2024-04-17 21:16:16.633
38340,27.4801,0,2024-04-17 21:16:16.633
38330,53.5557,0,2024-04-17 21:16:16.633
38310,157.3698,0,2024-04-17 21:16:16.633
38300,51,0,2024-04-17 21:16:16.633
38410,37.4801,1,2024-04-17 21:16:16.633
38430,56.9281,1,2024-04-17 21:16:16.633
38440,31.08,1,2024-04-17 21:16:16.633
38450,29.4175,1,2024-04-17 21:16:16.633
38460,208,1,2024-04-17 21:16:16.633
38350,1.9189,0,2024-04-17 21:16:21.737
38340,27.4801,0,2024-04-17 21:16:21.737
38330,27.4801,0,2024-04-17 21:16:21.737
38320,77.0756,0,2024-04-17 21:16:21.737
38310,128.5578,0,2024-04-17 21:16:21.737
38410,37.4801,1,2024-04-17 21:16:21.737
38420,520.562,1,2024-04-17 21:16:21.737
38430,27.4801,1,2024-04-17 21:16:21.737
38440,31.08,1,2024-04-17 21:16:21.737
38450,91.8365,1,2024-04-17 21:16:21.737
38350,1.9189,0,2024-04-17 21:16:26.828
38340,27.4801,0,2024-04-17 21:16:26.828
38330,27.4801,0,2024-04-17 21:16:26.828
38320,77.0756,0,2024-04-17 21:16:26.828
38310,128.5578,0,2024-04-17 21:16:26.828
38410,37.4801,1,2024-04-17 21:16:26.828
38420,520.562,1,2024-04-17 21:16:26.828
38430,27.4801,1,2024-04-17 21:16:26.828
38440,82.08,1,2024-04-17 21:16:26.828
38450,91.8365,1,2024-04-17 21:16:26.828
38360,51,0,2024-04-17 21:16:31.931
38350,106.9189,0,2024-04-17 21:16:31.931
38330,27.4801,0,2024-04-17 21:16:31.931
38320,176.0756,0,2024-04-17 21:16:31.931
38310,232.5578,0,2024-04-17 21:16:31.931
38410,37.4801,1,2024-04-17 21:16:31.931
38420,51,1,2024-04-17 21:16:31.931
38430,161.3841,1,2024-04-17 21:16:31.931
38440,31.08,1,2024-04-17 21:16:31.931
38450,91.8365,1,2024-04-17 21:16:31.931
38360,29.8188,0,2024-04-17 21:16:37.043
38350,106.9189,0,2024-04-17 21:16:37.043
38330,27.4801,0,2024-04-17 21:16:37.043
38320,150,0,2024-04-17 21:16:37.043
38310,232.5578,0,2024-04-17 21:16:37.043
38410,88.4801,1,2024-04-17 21:16:37.043
38430,161.3841,1,2024-04-17 21:16:37.043
38440,31.08,1,2024-04-17 21:16:37.043
38450,117.8713,1,2024-04-17 21:16:37.043
38460,104,1,2024-04-17 21:16:37.043
38350,158.1797,0,2024-04-17 21:16:42.124
38330,27.4801,0,2024-04-17 21:16:42.124
38320,150,0,2024-04-17 21:16:42.124
38310,232.5578,0,2024-04-17 21:16:42.124
38280,58.3897,0,2024-04-17 21:16:42.124
38400,51,1,2024-04-17 21:16:42.124
38410,141.4801,1,2024-04-17 21:16:42.124
38430,57.3841,1,2024-04-17 21:16:42.124
38440,285.08,1,2024-04-17 21:16:42.124
38450,117.8713,1,2024-04-17 21:16:42.124
38350,3.1797,0,2024-04-17 21:16:47.257
38330,78.4801,0,2024-04-17 21:16:47.257
38320,104,0,2024-04-17 21:16:47.257
38310,128.8188,0,2024-04-17 21:16:47.257
38300,150,0,2024-04-17 21:16:47.257
38400,131.4801,1,2024-04-17 21:16:47.257
38410,37.4801,1,2024-04-17 21:16:47.257
38420,29.808,1,2024-04-17 21:16:47.257
38430,57.3841,1,2024-04-17 21:16:47.257
38440,135.08,1,2024-04-17 21:16:47.257
38350,3.1797,0,2024-04-17 21:16:52.333
38340,104,0,2024-04-17 21:16:52.333
38330,27.4801,0,2024-04-17 21:16:52.333
38320,177.4801,0,2024-04-17 21:16:52.333
38310,128.8188,0,2024-04-17 21:16:52.333
38400,27.4801,1,2024-04-17 21:16:52.333
38410,88.4801,1,2024-04-17 21:16:52.333
38420,133.808,1,2024-04-17 21:16:52.333
38430,207.3841,1,2024-04-17 21:16:52.333
38440,135.08,1,2024-04-17 21:16:52.333
38350,3.1797,0,2024-04-17 21:16:57.454
38340,104,0,2024-04-17 21:16:57.454
38330,27.4801,0,2024-04-17 21:16:57.454
38320,177.4801,0,2024-04-17 21:16:57.454
38310,128.8188,0,2024-04-17 21:16:57.454
38400,27.4801,1,2024-04-17 21:16:57.454
38410,88.4801,1,2024-04-17 21:16:57.454
38420,133.808,1,2024-04-17 21:16:57.454
38430,207.3841,1,2024-04-17 21:16:57.454
38440,135.08,1,2024-04-17 21:16:57.454
38350,3.1797,0,2024-04-17 21:17:02.574
38340,104,0,2024-04-17 21:17:02.574
38330,27.4801,0,2024-04-17 21:17:02.574
38320,177.4801,0,2024-04-17 21:17:02.574
38310,128.8188,0,2024-04-17 21:17:02.574
38400,27.4801,1,2024-04-17 21:17:02.574
38410,37.4801,1,2024-04-17 21:17:02.574
38420,29.808,1,2024-04-17 21:17:02.574
38430,57.3841,1,2024-04-17 21:17:02.574
38440,31.08,1,2024-04-17 21:17:02.574
38350,107.1797,0,2024-04-17 21:17:07.792
38330,27.4801,0,2024-04-17 21:17:07.792
38320,177.4801,0,2024-04-17 21:17:07.792
38310,128.8188,0,2024-04-17 21:17:07.792
38300,104,0,2024-04-17 21:17:07.792
38400,27.4801,1,2024-04-17 21:17:07.792
38410,37.4801,1,2024-04-17 21:17:07.792
38420,29.808,1,2024-04-17 21:17:07.792
38430,108.3841,1,2024-04-17 21:17:07.792
38440,285.08,1,2024-04-17 21:17:07.792
38360,0.2032,0,2024-04-17 21:17:12.926
38350,158.1797,0,2024-04-17 21:17:12.926
38340,150,0,2024-04-17 21:17:12.926
38330,27.4801,0,2024-04-17 21:17:12.926
38320,27.4801,0,2024-04-17 21:17:12.926
38400,27.4801,1,2024-04-17 21:17:12.926
38410,88.4801,1,2024-04-17 21:17:12.926
38420,133.808,1,2024-04-17 21:17:12.926
38430,57.3841,1,2024-04-17 21:17:12.926
38440,285.08,1,2024-04-17 21:17:12.926
38360,51.2032,0,2024-04-17 21:17:18.028
38350,107.1797,0,2024-04-17 21:17:18.028
38340,150,0,2024-04-17 21:17:18.028
38330,27.4801,0,2024-04-17 21:17:18.028
38320,27.4801,0,2024-04-17 21:17:18.028
38400,16.5426,1,2024-04-17 21:17:18.028
38410,88.4801,1,2024-04-17 21:17:18.028
38420,133.808,1,2024-04-17 21:17:18.028
38430,57.3841,1,2024-04-17 21:17:18.028
38440,285.08,1,2024-04-17 21:17:18.028
38360,0.2032,0,2024-04-17 21:17:23.135
38350,3.1797,0,2024-04-17 21:17:23.135
38340,155,0,2024-04-17 21:17:23.135
38330,27.4801,0,2024-04-17 21:17:23.135
38320,177.4801,0,2024-04-17 21:17:23.135
38400,16.5426,1,2024-04-17 21:17:23.135
38410,37.4801,1,2024-04-17 21:17:23.135
38420,133.808,1,2024-04-17 21:17:23.135
38430,108.3841,1,2024-04-17 21:17:23.135
38440,806.049,1,2024-04-17 21:17:23.135
38360,51.2032,0,2024-04-17 21:17:28.313
38350,107.1797,0,2024-04-17 21:17:28.313
38340,150,0,2024-04-17 21:17:28.313
38330,27.4801,0,2024-04-17 21:17:28.313
38320,27.4801,0,2024-04-17 21:17:28.313
38400,16.5426,1,2024-04-17 21:17:28.313
38410,37.4801,1,2024-04-17 21:17:28.313
38420,184.808,1,2024-04-17 21:17:28.313
38430,57.3841,1,2024-04-17 21:17:28.313
38440,285.08,1,2024-04-17 21:17:28.313
38360,0.2032,0,2024-04-17 21:17:33.409
38350,3.1797,0,2024-04-17 21:17:33.409
38330,27.4801,0,2024-04-17 21:17:33.409
38320,27.4801,0,2024-04-17 21:17:33.409
38310,52.2989,0,2024-04-17 21:17:33.409
38400,16.5426,1,2024-04-17 21:17:33.409
38410,37.4801,1,2024-04-17 21:17:33.409
38420,133.808,1,2024-04-17 21:17:33.409
38430,67.3841,1,2024-04-17 21:17:33.409
38440,701.371,1,2024-04-17 21:17:33.409
38360,3.1533,0,2024-04-17 21:17:38.489
38350,3.1797,0,2024-04-17 21:17:38.489
38330,27.4801,0,2024-04-17 21:17:38.489
38320,131.4801,0,2024-04-17 21:17:38.489
38310,103.2989,0,2024-04-17 21:17:38.489
38400,16.5426,1,2024-04-17 21:17:38.489
38410,88.4801,1,2024-04-17 21:17:38.489
38420,133.808,1,2024-04-17 21:17:38.489
38430,67.3841,1,2024-04-17 21:17:38.489
38440,701.371,1,2024-04-17 21:17:38.489
38360,3.1533,0,2024-04-17 21:17:43.564
38350,3.1797,0,2024-04-17 21:17:43.564
38330,27.4801,0,2024-04-17 21:17:43.564
38320,131.4801,0,2024-04-17 21:17:43.564
38310,103.2989,0,2024-04-17 21:17:43.564
38400,16.5426,1,2024-04-17 21:17:43.564
38410,37.4801,1,2024-04-17 21:17:43.564
38420,104,1,2024-04-17 21:17:43.564
38430,118.3841,1,2024-04-17 21:17:43.564
38440,701.371,1,2024-04-17 21:17:43.564
38360,3.1533,0,2024-04-17 21:17:48.668
38350,3.1797,0,2024-04-17 21:17:48.668
38310,52.2989,0,2024-04-17 21:17:48.668
38300,78.4801,0,2024-04-17 21:17:48.668
38290,131.4801,0,2024-04-17 21:17:48.668
38380,27.4801,1,2024-04-17 21:17:48.668
38390,27.4801,1,2024-04-17 21:17:48.668
38400,45.9906,1,2024-04-17 21:17:48.668
38410,66.4961,1,2024-04-17 21:17:48.668
38420,135.08,1,2024-04-17 21:17:48.668
38360,3.1533,0,2024-04-17 21:17:53.802
38350,3.1797,0,2024-04-17 21:17:53.802
38330,51,0,2024-04-17 21:17:53.802
38320,104,0,2024-04-17 21:17:53.802
38310,52.2989,0,2024-04-17 21:17:53.802
38380,27.4801,1,2024-04-17 21:17:53.802
38390,27.4801,1,2024-04-17 21:17:53.802
38400,16.5426,1,2024-04-17 21:17:53.802
38410,117.4961,1,2024-04-17 21:17:53.802
38420,135.08,1,2024-04-17 21:17:53.802
38360,2.9501,0,2024-04-17 21:17:58.900
38350,3.1797,0,2024-04-17 21:17:58.900
38330,51,0,2024-04-17 21:17:58.900
38320,131.4801,0,2024-04-17 21:17:58.900
38310,52.2989,0,2024-04-17 21:17:58.900
38390,27.4801,1,2024-04-17 21:17:58.900
38400,16.5426,1,2024-04-17 21:17:58.900
38410,88.4801,1,2024-04-17 21:17:58.900
38420,162.5601,1,2024-04-17 21:17:58.900
38430,39.904,1,2024-04-17 21:17:58.900
38360,2.9501,0,2024-04-17 21:18:04.036
38350,3.1797,0,2024-04-17 21:18:04.036
38340,27.4801,0,2024-04-17 21:18:04.036
38330,51,0,2024-04-17 21:18:04.036
38320,131.4801,0,2024-04-17 21:18:04.036
38410,37.4801,1,2024-04-17 21:18:04.036
38420,27.4801,1,2024-04-17 21:18:04.036
38430,37.4801,1,2024-04-17 21:18:04.036
38440,624.291,1,2024-04-17 21:18:04.036
38450,82.2895,1,2024-04-17 21:18:04.036
38360,2.9501,0,2024-04-17 21:18:09.149
38350,1.2607,0,2024-04-17 21:18:09.149
38340,27.4801,0,2024-04-17 21:18:09.149
38330,51,0,2024-04-17 21:18:09.149
38320,131.4801,0,2024-04-17 21:18:09.149
38410,37.4801,1,2024-04-17 21:18:09.149
38420,27.4801,1,2024-04-17 21:18:09.149
38430,37.4801,1,2024-04-17 21:18:09.149
38440,549.643,1,2024-04-17 21:18:09.149
38450,82.2895,1,2024-04-17 21:18:09.149
38360,2.9501,0,2024-04-17 21:18:14.236
38350,1.2607,0,2024-04-17 21:18:14.236
38340,27.4801,0,2024-04-17 21:18:14.236
38330,51,0,2024-04-17 21:18:14.236
38320,131.4801,0,2024-04-17 21:18:14.236
38410,37.4801,1,2024-04-17 21:18:14.236
38420,27.4801,1,2024-04-17 21:18:14.236
38430,67.8161,1,2024-04-17 21:18:14.236
38440,549.914,1,2024-04-17 21:18:14.236
38450,82.2895,1,2024-04-17 21:18:14.236
38360,2.9501,0,2024-04-17 21:18:19.352
38350,1.2607,0,2024-04-17 21:18:19.352
38320,27.4801,0,2024-04-17 21:18:19.352
38310,52.2989,0,2024-04-17 21:18:19.352
38300,228.4801,0,2024-04-17 21:18:19.352
38400,26.1739,1,2024-04-17 21:18:19.352
38410,67.0241,1,2024-04-17 21:18:19.352
38420,56.7121,1,2024-04-17 21:18:19.352
38430,118.8161,1,2024-04-17 21:18:19.352
38440,133.352,1,2024-04-17 21:18:19.352
38360,2.9501,0,2024-04-17 21:18:24.491
38350,1.2607,0,2024-04-17 21:18:24.491
38330,50,0,2024-04-17 21:18:24.491
38320,78.4801,0,2024-04-17 21:18:24.491
38310,52.2989,0,2024-04-17 21:18:24.491
38400,26.1739,1,2024-04-17 21:18:24.491
38410,67.0241,1,2024-04-17 21:18:24.491
38420,56.7121,1,2024-04-17 21:18:24.491
38430,118.8161,1,2024-04-17 21:18:24.491
38440,283.352,1,2024-04-17 21:18:24.491
38360,2.9501,0,2024-04-17 21:18:29.582
38350,1.2607,0,2024-04-17 21:18:29.582
38330,101,0,2024-04-17 21:18:29.582
38320,131.4801,0,2024-04-17 21:18:29.582
38310,52.2989,0,2024-04-17 21:18:29.582
38400,26.1739,1,2024-04-17 21:18:29.582
38410,37.4801,1,2024-04-17 21:18:29.582
38420,160.7121,1,2024-04-17 21:18:29.582
38430,67.8161,1,2024-04-17 21:18:29.582
38440,179.352,1,2024-04-17 21:18:29.582
38390,2.5586,0,2024-04-17 21:18:34.687
38360,2.9501,0,2024-04-17 21:18:34.687
38350,1.2607,0,2024-04-17 21:18:34.687
38330,101,0,2024-04-17 21:18:34.687
38320,131.4801,0,2024-04-17 21:18:34.687
38400,126.1739,1,2024-04-17 21:18:34.687
38410,37.4801,1,2024-04-17 21:18:34.687
38420,211.7121,1,2024-04-17 21:18:34.687
38430,67.8161,1,2024-04-17 21:18:34.687
38440,179.352,1,2024-04-17 21:18:34.687
38390,2.5586,0,2024-04-17 21:18:39.777
38360,2.9501,0,2024-04-17 21:18:39.777
38350,1.2607,0,2024-04-17 21:18:39.777
38330,51,0,2024-04-17 21:18:39.777
38320,131.4801,0,2024-04-17 21:18:39.777
38400,125.9135,1,2024-04-17 21:18:39.777
38410,37.4801,1,2024-04-17 21:18:39.777
38420,56.7121,1,2024-04-17 21:18:39.777
38430,67.8161,1,2024-04-17 21:18:39.777
38440,29.352,1,2024-04-17 21:18:39.777
38360,2.9501,0,2024-04-17 21:18:44.870
38350,52.2607,0,2024-04-17 21:18:44.870
38340,104,0,2024-04-17 21:18:44.870
38330,104,0,2024-04-17 21:18:44.870
38320,177.4801,0,2024-04-17 21:18:44.870
38390,52.4015,1,2024-04-17 21:18:44.870
38400,207.8735,1,2024-04-17 21:18:44.870
38410,141.4801,1,2024-04-17 21:18:44.870
38420,56.7121,1,2024-04-17 21:18:44.870
38430,217.8161,1,2024-04-17 21:18:44.870
38360,2.9501,0,2024-04-17 21:18:50.000
38350,1.2607,0,2024-04-17 21:18:50.000
38340,51,0,2024-04-17 21:18:50.000
38320,281.4801,0,2024-04-17 21:18:50.000
38310,52.2989,0,2024-04-17 21:18:50.000
38390,51.8805,1,2024-04-17 21:18:50.000
38400,156.8735,1,2024-04-17 21:18:50.000
38410,37.4801,1,2024-04-17 21:18:50.000
38420,107.7121,1,2024-04-17 21:18:50.000
38430,217.8161,1,2024-04-17 21:18:50.000
38360,2.9501,0,2024-04-17 21:18:55.112
38350,52.2607,0,2024-04-17 21:18:55.112
38340,104,0,2024-04-17 21:18:55.112
38320,150,0,2024-04-17 21:18:55.112
38310,52.2989,0,2024-04-17 21:18:55.112
38380,27.4801,1,2024-04-17 21:18:55.112
38400,156.8735,1,2024-04-17 21:18:55.112
38410,192.4801,1,2024-04-17 21:18:55.112
38420,56.7121,1,2024-04-17 21:18:55.112
38430,190.336,1,2024-04-17 21:18:55.112
38360,2.9501,0,2024-04-17 21:19:00.211
38350,52.2607,0,2024-04-17 21:19:00.211
38340,104,0,2024-04-17 21:19:00.211
38320,150,0,2024-04-17 21:19:00.211
38310,52.2989,0,2024-04-17 21:19:00.211
38390,27.4801,1,2024-04-17 21:19:00.211
38400,137.2769,1,2024-04-17 21:19:00.211
38410,192.4801,1,2024-04-17 21:19:00.211
38420,56.7121,1,2024-04-17 21:19:00.211
38430,190.336,1,2024-04-17 21:19:00.211
38350,1.2607,0,2024-04-17 21:19:05.309
38320,100,0,2024-04-17 21:19:05.309
38310,24.8188,0,2024-04-17 21:19:05.309
38300,78.4801,0,2024-04-17 21:19:05.309
38290,131.4801,0,2024-04-17 21:19:05.309
38370,80.856,1,2024-04-17 21:19:05.309
38380,71.3727,1,2024-04-17 21:19:05.309
38390,160.8561,1,2024-04-17 21:19:05.309
38400,137.2769,1,2024-04-17 21:19:05.309
38410,187.4801,1,2024-04-17 21:19:05.309
38310,24.8188,0,2024-04-17 21:19:10.417
38300,155,0,2024-04-17 21:19:10.417
38280,27.4801,0,2024-04-17 21:19:10.417
38270,177.4801,0,2024-04-17 21:19:10.417
38260,132.3809,0,2024-04-17 21:19:10.417
38350,0,1,2024-04-17 21:19:10.417
38360,108.9601,1,2024-04-17 21:19:10.417
38370,122.856,1,2024-04-17 21:19:10.417
38380,29.712,1,2024-04-17 21:19:10.417
38390,310.8561,1,2024-04-17 21:19:10.417
38320,68.9411,0,2024-04-17 21:19:15.512
38310,24.8188,0,2024-04-17 21:19:15.512
38300,51,0,2024-04-17 21:19:15.512
38290,104,0,2024-04-17 21:19:15.512
38270,177.4801,0,2024-04-17 21:19:15.512
38340,27.4801,1,2024-04-17 21:19:15.512
38350,51,1,2024-04-17 21:19:15.512
38360,161.9601,1,2024-04-17 21:19:15.512
38370,18.856,1,2024-04-17 21:19:15.512
38380,29.712,1,2024-04-17 21:19:15.512
38320,68.9411,0,2024-04-17 21:19:20.603
38310,24.8188,0,2024-04-17 21:19:20.603
38270,27.4801,0,2024-04-17 21:19:20.603
38260,132.3809,0,2024-04-17 21:19:20.603
38250,32.3805,0,2024-04-17 21:19:20.603
38340,27.4801,1,2024-04-17 21:19:20.603
38350,0,1,2024-04-17 21:19:20.603
38360,57.9601,1,2024-04-17 21:19:20.603
38370,18.856,1,2024-04-17 21:19:20.603
38380,29.712,1,2024-04-17 21:19:20.603
38320,41.461,0,2024-04-17 21:19:25.710
38310,24.8188,0,2024-04-17 21:19:25.710
38300,39.2158,0,2024-04-17 21:19:25.710
38280,51,0,2024-04-17 21:19:25.710
38270,104,0,2024-04-17 21:19:25.710
38330,27.1801,1,2024-04-17 21:19:25.710
38340,161.5041,1,2024-04-17 21:19:25.710
38350,29.544,1,2024-04-17 21:19:25.710
38360,207.9601,1,2024-04-17 21:19:25.710
38370,18.856,1,2024-04-17 21:19:25.710
38320,13.9809,0,2024-04-17 21:19:30.819
38310,24.8188,0,2024-04-17 21:19:30.819
38300,39.2158,0,2024-04-17 21:19:30.819
38280,51,0,2024-04-17 21:19:30.819
38270,131.4801,0,2024-04-17 21:19:30.819
38330,51,1,2024-04-17 21:19:30.819
38340,104,1,2024-04-17 21:19:30.819
38350,29.544,1,2024-04-17 21:19:30.819
38360,180.48,1,2024-04-17 21:19:30.819
38370,122.856,1,2024-04-17 21:19:30.819
38320,13.9809,0,2024-04-17 21:19:35.981
38310,24.8188,0,2024-04-17 21:19:35.981
38300,39.2158,0,2024-04-17 21:19:35.981
38270,27.4801,0,2024-04-17 21:19:35.981
38260,0.9008,0,2024-04-17 21:19:35.981
38340,155,1,2024-04-17 21:19:35.981
38350,29.544,1,2024-04-17 21:19:35.981
38360,180.48,1,2024-04-17 21:19:35.981
38370,122.856,1,2024-04-17 21:19:35.981
38390,104,1,2024-04-17 21:19:35.981
38320,13.9809,0,2024-04-17 21:19:41.117
38310,24.8188,0,2024-04-17 21:19:41.117
38300,39.2158,0,2024-04-17 21:19:41.117
38290,51,0,2024-04-17 21:19:41.117
38280,104,0,2024-04-17 21:19:41.117
38340,51,1,2024-04-17 21:19:41.117
38350,29.544,1,2024-04-17 21:19:41.117
38360,284.48,1,2024-04-17 21:19:41.117
38370,122.856,1,2024-04-17 21:19:41.117
38390,104,1,2024-04-17 21:19:41.117
38320,13.9809,0,2024-04-17 21:19:46.196
38310,24.8188,0,2024-04-17 21:19:46.196
38300,39.2158,0,2024-04-17 21:19:46.196
38280,104,0,2024-04-17 21:19:46.196
38270,78.4801,0,2024-04-17 21:19:46.196
38330,51,1,2024-04-17 21:19:46.196
38340,135.032,1,2024-04-17 21:19:46.196
38350,29.544,1,2024-04-17 21:19:46.196
38360,180.48,1,2024-04-17 21:19:46.196
38370,122.856,1,2024-04-17 21:19:46.196
38320,13.9809,0,2024-04-17 21:19:51.288
38310,24.8188,0,2024-04-17 21:19:51.288
38300,39.2158,0,2024-04-17 21:19:51.288
38280,104,0,2024-04-17 21:19:51.288
38270,78.4801,0,2024-04-17 21:19:51.288
38330,51,1,2024-04-17 21:19:51.288
38340,135.032,1,2024-04-17 21:19:51.288
38350,29.544,1,2024-04-17 21:19:51.288
38360,180.48,1,2024-04-17 21:19:51.288
38370,122.856,1,2024-04-17 21:19:51.288
38320,13.9809,0,2024-04-17 21:19:56.379
38310,24.8188,0,2024-04-17 21:19:56.379
38300,39.2158,0,2024-04-17 21:19:56.379
38280,155,0,2024-04-17 21:19:56.379
38270,27.4801,0,2024-04-17 21:19:56.379
38340,104,1,2024-04-17 21:19:56.379
38350,29.544,1,2024-04-17 21:19:56.379
38360,180.48,1,2024-04-17 21:19:56.379
38370,122.856,1,2024-04-17 21:19:56.379
38390,104,1,2024-04-17 21:19:56.379
38320,13.9809,0,2024-04-17 21:20:01.476
38310,24.8188,0,2024-04-17 21:20:01.476
38300,39.2158,0,2024-04-17 21:20:01.476
38280,155,0,2024-04-17 21:20:01.476
38270,27.4801,0,2024-04-17 21:20:01.476
38340,155,1,2024-04-17 21:20:01.476
38350,29.544,1,2024-04-17 21:20:01.476
38360,180.48,1,2024-04-17 21:20:01.476
38370,122.856,1,2024-04-17 21:20:01.476
38390,104,1,2024-04-17 21:20:01.476
38320,27.9569,0,2024-04-17 21:20:06.577
38310,24.8188,0,2024-04-17 21:20:06.577
38300,39.2158,0,2024-04-17 21:20:06.577
38290,78.4801,0,2024-04-17 21:20:06.577
38280,104,0,2024-04-17 21:20:06.577
38370,122.856,1,2024-04-17 21:20:06.577
38380,62.408,1,2024-04-17 21:20:06.577
38390,178.776,1,2024-04-17 21:20:06.577
38400,729.833,1,2024-04-17 21:20:06.577
38410,62.1512,1,2024-04-17 21:20:06.577
38320,27.9569,0,2024-04-17 21:20:11.716
38310,24.8188,0,2024-04-17 21:20:11.716
38300,39.2158,0,2024-04-17 21:20:11.716
38290,78.4801,0,2024-04-17 21:20:11.716
38280,104,0,2024-04-17 21:20:11.716
38350,51,1,2024-04-17 21:20:11.716
38360,133.472,1,2024-04-17 21:20:11.716
38380,30.24,1,2024-04-17 21:20:11.716
38390,178.776,1,2024-04-17 21:20:11.716
38400,729.833,1,2024-04-17 21:20:11.716
38320,27.9569,0,2024-04-17 21:20:16.865
38310,24.8188,0,2024-04-17 21:20:16.865
38300,39.2158,0,2024-04-17 21:20:16.865
38290,78.4801,0,2024-04-17 21:20:16.865
38280,104,0,2024-04-17 21:20:16.865
38350,79.992,1,2024-04-17 21:20:16.865
38360,133.472,1,2024-04-17 21:20:16.865
38380,30.24,1,2024-04-17 21:20:16.865
38390,178.776,1,2024-04-17 21:20:16.865
38400,729.833,1,2024-04-17 21:20:16.865
38320,27.9569,0,2024-04-17 21:20:21.999
38310,24.8188,0,2024-04-17 21:20:21.999
38300,39.2158,0,2024-04-17 21:20:21.999
38290,78.4801,0,2024-04-17 21:20:21.999
38280,104,0,2024-04-17 21:20:21.999
38350,155,1,2024-04-17 21:20:21.999
38360,29.472,1,2024-04-17 21:20:21.999
38370,150,1,2024-04-17 21:20:21.999
38380,134.24,1,2024-04-17 21:20:21.999
38390,28.776,1,2024-04-17 21:20:21.999
38320,27.9569,0,2024-04-17 21:20:27.093
38310,24.8188,0,2024-04-17 21:20:27.093
38300,39.2158,0,2024-04-17 21:20:27.093
38290,78.4801,0,2024-04-17 21:20:27.093
38280,104,0,2024-04-17 21:20:27.093
38350,155,1,2024-04-17 21:20:27.093
38360,29.472,1,2024-04-17 21:20:27.093
38370,150,1,2024-04-17 21:20:27.093
38380,134.24,1,2024-04-17 21:20:27.093
38390,28.776,1,2024-04-17 21:20:27.093
38320,27.9569,0,2024-04-17 21:20:32.200
38310,24.8188,0,2024-04-17 21:20:32.200
38300,90.2158,0,2024-04-17 21:20:32.200
38290,27.4801,0,2024-04-17 21:20:32.200
38280,104,0,2024-04-17 21:20:32.200
38350,51,1,2024-04-17 21:20:32.200
38360,133.472,1,2024-04-17 21:20:32.200
38370,150,1,2024-04-17 21:20:32.200
38380,134.24,1,2024-04-17 21:20:32.200
38390,28.776,1,2024-04-17 21:20:32.200
38330,51,0,2024-04-17 21:20:37.320
38320,27.9569,0,2024-04-17 21:20:37.320
38310,156.2989,0,2024-04-17 21:20:37.320
38300,39.2158,0,2024-04-17 21:20:37.320
38290,177.4801,0,2024-04-17 21:20:37.320
38380,51,1,2024-04-17 21:20:37.320
38390,132.776,1,2024-04-17 21:20:37.320
38400,652.057,1,2024-04-17 21:20:37.320
38410,160,1,2024-04-17 21:20:37.320
38420,708,1,2024-04-17 21:20:37.320
38330,0.2034,0,2024-04-17 21:20:42.439
38320,27.9569,0,2024-04-17 21:20:42.439
38310,24.8188,0,2024-04-17 21:20:42.439
38300,90.2158,0,2024-04-17 21:20:42.439
38290,281.4801,0,2024-04-17 21:20:42.439
38360,80.28,1,2024-04-17 21:20:42.439
38370,135.152,1,2024-04-17 21:20:42.439
38390,178.776,1,2024-04-17 21:20:42.439
38400,756.057,1,2024-04-17 21:20:42.439
38410,10,1,2024-04-17 21:20:42.439
38320,74.1603,0,2024-04-17 21:20:47.568
38310,128.8188,0,2024-04-17 21:20:47.568
38300,66.6959,0,2024-04-17 21:20:47.568
38290,177.4801,0,2024-04-17 21:20:47.568
38280,104,0,2024-04-17 21:20:47.568
38370,155,1,2024-04-17 21:20:47.568
38380,29.088,1,2024-04-17 21:20:47.568
38390,178.776,1,2024-04-17 21:20:47.568
38400,756.057,1,2024-04-17 21:20:47.568
38410,10,1,2024-04-17 21:20:47.568
38320,23.1603,0,2024-04-17 21:20:52.682
38310,24.8188,0,2024-04-17 21:20:52.682
38300,66.6959,0,2024-04-17 21:20:52.682
38290,27.4801,0,2024-04-17 21:20:52.682
38280,51,0,2024-04-17 21:20:52.682
38370,155,1,2024-04-17 21:20:52.682
38380,29.088,1,2024-04-17 21:20:52.682
38390,178.776,1,2024-04-17 21:20:52.682
38400,756.057,1,2024-04-17 21:20:52.682
38410,10,1,2024-04-17 21:20:52.682
38340,195.883,0,2024-04-17 21:20:57.804
38330,27.4801,0,2024-04-17 21:20:57.804
38320,50.6404,0,2024-04-17 21:20:57.804
38310,24.8188,0,2024-04-17 21:20:57.804
38300,117.6959,0,2024-04-17 21:20:57.804
38400,255,1,2024-04-17 21:20:57.804
38410,40.408,1,2024-04-17 21:20:57.804
38420,178.872,1,2024-04-17 21:20:57.804
38430,634.697,1,2024-04-17 21:20:57.804
38450,182.7555,1,2024-04-17 21:20:57.804
38340,195.883,0,2024-04-17 21:21:02.906
38330,27.4801,0,2024-04-17 21:21:02.906
38320,50.6404,0,2024-04-17 21:21:02.906
38310,24.8188,0,2024-04-17 21:21:02.906
38300,66.6959,0,2024-04-17 21:21:02.906
38400,180.52,1,2024-04-17 21:21:02.906
38410,40.408,1,2024-04-17 21:21:02.906
38420,178.872,1,2024-04-17 21:21:02.906
38430,530.697,1,2024-04-17 21:21:02.906
38450,182.7555,1,2024-04-17 21:21:02.906
38340,195.883,0,2024-04-17 21:21:08.015
38330,27.4801,0,2024-04-17 21:21:08.015
38320,92.456,0,2024-04-17 21:21:08.015
38310,128.8188,0,2024-04-17 21:21:08.015
38300,66.6959,0,2024-04-17 21:21:08.015
38400,129.52,1,2024-04-17 21:21:08.015
38410,144.408,1,2024-04-17 21:21:08.015
38420,79.872,1,2024-04-17 21:21:08.015
38430,530.697,1,2024-04-17 21:21:08.015
38450,228.7555,1,2024-04-17 21:21:08.015
38350,0.7822,0,2024-04-17 21:21:13.167
38340,195.883,0,2024-04-17 21:21:13.167
38320,41.456,0,2024-04-17 21:21:13.167
38310,24.8188,0,2024-04-17 21:21:13.167
38300,66.6959,0,2024-04-17 21:21:13.167
38390,29.952,1,2024-04-17 21:21:13.167
38400,180.52,1,2024-04-17 21:21:13.167
38410,144.408,1,2024-04-17 21:21:13.167
38420,28.872,1,2024-04-17 21:21:13.167
38430,634.697,1,2024-04-17 21:21:13.167
38350,0.7822,0,2024-04-17 21:21:18.298
38340,195.883,0,2024-04-17 21:21:18.298
38320,41.456,0,2024-04-17 21:21:18.298
38310,24.8188,0,2024-04-17 21:21:18.298
38300,68.6959,0,2024-04-17 21:21:18.298
38390,29.952,1,2024-04-17 21:21:18.298
38400,180.52,1,2024-04-17 21:21:18.298
38410,144.408,1,2024-04-17 21:21:18.298
38420,28.872,1,2024-04-17 21:21:18.298
38430,634.697,1,2024-04-17 21:21:18.298
38350,16.88,0,2024-04-17 21:21:23.407
38320,13.9759,0,2024-04-17 21:21:23.407
38310,24.8188,0,2024-04-17 21:21:23.407
38300,68.6959,0,2024-04-17 21:21:23.407
38290,27.4801,0,2024-04-17 21:21:23.407
38370,30.312,1,2024-04-17 21:21:23.407
38380,155,1,2024-04-17 21:21:23.407
38390,29.952,1,2024-04-17 21:21:23.407
38400,279.52,1,2024-04-17 21:21:23.407
38410,40.408,1,2024-04-17 21:21:23.407
38350,16.88,0,2024-04-17 21:21:28.514
38320,13.9759,0,2024-04-17 21:21:28.514
38310,24.8188,0,2024-04-17 21:21:28.514
38300,68.6959,0,2024-04-17 21:21:28.514
38290,27.4801,0,2024-04-17 21:21:28.514
38380,155,1,2024-04-17 21:21:28.514
38390,29.952,1,2024-04-17 21:21:28.514
38400,279.52,1,2024-04-17 21:21:28.514
38410,144.408,1,2024-04-17 21:21:28.514
38430,634.697,1,2024-04-17 21:21:28.514
38350,16.6766,0,2024-04-17 21:21:33.620
38320,13.9759,0,2024-04-17 21:21:33.620
38310,24.8188,0,2024-04-17 21:21:33.620
38300,68.6959,0,2024-04-17 21:21:33.620
38290,27.4801,0,2024-04-17 21:21:33.620
38370,30.84,1,2024-04-17 21:21:33.620
38380,185.648,1,2024-04-17 21:21:33.620
38390,29.952,1,2024-04-17 21:21:33.620
38400,279.52,1,2024-04-17 21:21:33.620
38410,140.0552,1,2024-04-17 21:21:33.620
38350,1.5385,0,2024-04-17 21:21:38.703
38320,13.9759,0,2024-04-17 21:21:38.703
38310,24.8188,0,2024-04-17 21:21:38.703
38300,68.6959,0,2024-04-17 21:21:38.703
38290,27.4801,0,2024-04-17 21:21:38.703
38380,185.648,1,2024-04-17 21:21:38.703
38390,29.952,1,2024-04-17 21:21:38.703
38400,279.52,1,2024-04-17 21:21:38.703
38410,140.0552,1,2024-04-17 21:21:38.703
38430,634.697,1,2024-04-17 21:21:38.703
38320,11.9824,0,2024-04-17 21:21:43.828
38310,24.8188,0,2024-04-17 21:21:43.828
38300,68.6959,0,2024-04-17 21:21:43.828
38290,27.4801,0,2024-04-17 21:21:43.828
38280,27.4801,0,2024-04-17 21:21:43.828
38360,81.264,1,2024-04-17 21:21:43.828
38370,180.048,1,2024-04-17 21:21:43.828
38380,134.648,1,2024-04-17 21:21:43.828
38390,133.952,1,2024-04-17 21:21:43.828
38400,129.52,1,2024-04-17 21:21:43.828
38320,11.9824,0,2024-04-17 21:21:48.934
38310,24.8188,0,2024-04-17 21:21:48.934
38300,68.6959,0,2024-04-17 21:21:48.934
38290,27.4801,0,2024-04-17 21:21:48.934
38280,27.4801,0,2024-04-17 21:21:48.934
38360,81.264,1,2024-04-17 21:21:48.934
38370,180.048,1,2024-04-17 21:21:48.934
38380,30.648,1,2024-04-17 21:21:48.934
38390,133.952,1,2024-04-17 21:21:48.934
38400,100,1,2024-04-17 21:21:48.934
38320,207.9677,0,2024-04-17 21:21:54.026
38310,24.8188,0,2024-04-17 21:21:54.026
38300,68.6959,0,2024-04-17 21:21:54.026
38290,27.4801,0,2024-04-17 21:21:54.026
38280,27.4801,0,2024-04-17 21:21:54.026
38360,134.264,1,2024-04-17 21:21:54.026
38370,30.048,1,2024-04-17 21:21:54.026
38380,81.648,1,2024-04-17 21:21:54.026
38390,29.952,1,2024-04-17 21:21:54.026
38400,250,1,2024-04-17 21:21:54.026
38320,186.5555,0,2024-04-17 21:21:59.134
38310,24.8188,0,2024-04-17 21:21:59.134
38300,223.6959,0,2024-04-17 21:21:59.134
38290,27.4801,0,2024-04-17 21:21:59.134
38280,177.4801,0,2024-04-17 21:21:59.134
38360,24.9961,1,2024-04-17 21:21:59.134
38370,132.968,1,2024-04-17 21:21:59.134
38390,29.952,1,2024-04-17 21:21:59.134
38400,280.768,1,2024-04-17 21:21:59.134
38410,666.124,1,2024-04-17 21:21:59.134
38320,178.9403,0,2024-04-17 21:22:04.248
38310,52.2989,0,2024-04-17 21:22:04.248
38300,68.6959,0,2024-04-17 21:22:04.248
38290,78.4801,0,2024-04-17 21:22:04.248
38280,162.2721,0,2024-04-17 21:22:04.248
38390,29.952,1,2024-04-17 21:22:04.248
38400,130.768,1,2024-04-17 21:22:04.248
38410,510,1,2024-04-17 21:22:04.248
38420,51,1,2024-04-17 21:22:04.248
38430,10,1,2024-04-17 21:22:04.248
38320,229.9403,0,2024-04-17 21:22:09.374
38310,156.2989,0,2024-04-17 21:22:09.374
38300,68.6959,0,2024-04-17 21:22:09.374
38290,177.4801,0,2024-04-17 21:22:09.374
38280,162.2721,0,2024-04-17 21:22:09.374
38400,181.768,1,2024-04-17 21:22:09.374
38410,614,1,2024-04-17 21:22:09.374
38420,28.344,1,2024-04-17 21:22:09.374
38430,10,1,2024-04-17 21:22:09.374
38440,150,1,2024-04-17 21:22:09.374
38310,156.2989,0,2024-04-17 21:22:14.481
38300,119.6959,0,2024-04-17 21:22:14.481
38290,177.4801,0,2024-04-17 21:22:14.481
38280,285.5651,0,2024-04-17 21:22:14.481
38270,134.6,0,2024-04-17 21:22:14.481
38400,130.768,1,2024-04-17 21:22:14.481
38410,665,1,2024-04-17 21:22:14.481
38420,28.344,1,2024-04-17 21:22:14.481
38430,10,1,2024-04-17 21:22:14.481
38440,670.291,1,2024-04-17 21:22:14.481
38330,64.0208,0,2024-04-17 21:22:19.580
38320,104,0,2024-04-17 21:22:19.580
38310,52.2989,0,2024-04-17 21:22:19.580
38300,68.6959,0,2024-04-17 21:22:19.580
38290,177.4801,0,2024-04-17 21:22:19.580
38380,51,1,2024-04-17 21:22:19.580
38390,104,1,2024-04-17 21:22:19.580
38400,130.768,1,2024-04-17 21:22:19.580
38410,660,1,2024-04-17 21:22:19.580
38420,132.344,1,2024-04-17 21:22:19.580
38330,91.5009,0,2024-04-17 21:22:24.757
38320,104,0,2024-04-17 21:22:24.757
38310,202.2989,0,2024-04-17 21:22:24.757
38300,68.6959,0,2024-04-17 21:22:24.757
38290,27.4801,0,2024-04-17 21:22:24.757
38380,48.3944,1,2024-04-17 21:22:24.757
38390,104,1,2024-04-17 21:22:24.757
38400,130.768,1,2024-04-17 21:22:24.757
38410,660,1,2024-04-17 21:22:24.757
38420,132.344,1,2024-04-17 21:22:24.757
38380,279.4612,0,2024-04-17 21:22:29.872
38330,91.5009,0,2024-04-17 21:22:29.872
38320,104,0,2024-04-17 21:22:29.872
38310,52.2989,0,2024-04-17 21:22:29.872
38300,172.6959,0,2024-04-17 21:22:29.872
38400,130.768,1,2024-04-17 21:22:29.872
38410,510,1,2024-04-17 21:22:29.872
38420,28.344,1,2024-04-17 21:22:29.872
38430,61,1,2024-04-17 21:22:29.872
38440,520.426,1,2024-04-17 21:22:29.872
38400,32.2945,0,2024-04-17 21:22:34.984
38380,243.4829,0,2024-04-17 21:22:34.984
38330,91.5009,0,2024-04-17 21:22:34.984
38320,104,0,2024-04-17 21:22:34.984
38310,202.2989,0,2024-04-17 21:22:34.984
38410,644.456,1,2024-04-17 21:22:34.984
38420,28.344,1,2024-04-17 21:22:34.984
38430,10,1,2024-04-17 21:22:34.984
38450,702.9047,1,2024-04-17 21:22:34.984
38480,69.8329,1,2024-04-17 21:22:34.984
38400,0,0,2024-04-17 21:22:40.090
38380,243.4829,0,2024-04-17 21:22:40.090
38330,91.5009,0,2024-04-17 21:22:40.090
38320,104,0,2024-04-17 21:22:40.090
38310,202.2989,0,2024-04-17 21:22:40.090
38410,695.456,1,2024-04-17 21:22:40.090
38420,178.344,1,2024-04-17 21:22:40.090
38430,634.426,1,2024-04-17 21:22:40.090
38450,182.7487,1,2024-04-17 21:22:40.090
38460,62.419,1,2024-04-17 21:22:40.090
38380,53.625,0,2024-04-17 21:22:45.194
38320,51,0,2024-04-17 21:22:45.194
38310,52.2989,0,2024-04-17 21:22:45.194
38300,68.6959,0,2024-04-17 21:22:45.194
38290,177.4801,0,2024-04-17 21:22:45.194
38390,186.0079,1,2024-04-17 21:22:45.194
38400,179.568,1,2024-04-17 21:22:45.194
38410,644.456,1,2024-04-17 21:22:45.194
38420,28.344,1,2024-04-17 21:22:45.194
38430,530.426,1,2024-04-17 21:22:45.194
38320,51,0,2024-04-17 21:22:50.287
38310,52.2989,0,2024-04-17 21:22:50.287
38300,172.6959,0,2024-04-17 21:22:50.287
38290,177.4801,0,2024-04-17 21:22:50.287
38280,145.196,0,2024-04-17 21:22:50.287
38370,155,1,2024-04-17 21:22:50.287
38380,337.2034,1,2024-04-17 21:22:50.287
38390,31.008,1,2024-04-17 21:22:50.287
38400,179.568,1,2024-04-17 21:22:50.287
38410,644.456,1,2024-04-17 21:22:50.287
38310,103.2989,0,2024-04-17 21:22:55.367
38300,172.6959,0,2024-04-17 21:22:55.367
38290,177.4801,0,2024-04-17 21:22:55.367
38280,217.388,0,2024-04-17 21:22:55.367
38270,134.6,0,2024-04-17 21:22:55.367
38360,51,1,2024-04-17 21:22:55.367
38370,104,1,2024-04-17 21:22:55.367
38380,337.2034,1,2024-04-17 21:22:55.367
38390,31.008,1,2024-04-17 21:22:55.367
38400,179.568,1,2024-04-17 21:22:55.367
38310,103.2989,0,2024-04-17 21:23:00.454
38300,172.6959,0,2024-04-17 21:23:00.454
38290,177.4801,0,2024-04-17 21:23:00.454
38280,351.408,0,2024-04-17 21:23:00.454
38270,134.6,0,2024-04-17 21:23:00.454
38370,155,1,2024-04-17 21:23:00.454
38380,337.2034,1,2024-04-17 21:23:00.454
38390,31.008,1,2024-04-17 21:23:00.454
38400,179.568,1,2024-04-17 21:23:00.454
38410,644.456,1,2024-04-17 21:23:00.454
38310,52.2989,0,2024-04-17 21:23:05.651
38300,172.6959,0,2024-04-17 21:23:05.651
38290,177.4801,0,2024-04-17 21:23:05.651
38280,238.081,0,2024-04-17 21:23:05.651
38270,104,0,2024-04-17 21:23:05.651
38360,50.2179,1,2024-04-17 21:23:05.651
38370,134.216,1,2024-04-17 21:23:05.651
38380,367.2994,1,2024-04-17 21:23:05.651
38390,135.008,1,2024-04-17 21:23:05.651
38400,29.568,1,2024-04-17 21:23:05.651
38310,52.2989,0,2024-04-17 21:23:11.501
38300,68.6959,0,2024-04-17 21:23:11.501
38290,27.4801,0,2024-04-17 21:23:11.501
38280,51,0,2024-04-17 21:23:11.501
38270,254,0,2024-04-17 21:23:11.501
38360,154.2179,1,2024-04-17 21:23:11.501
38370,30.216,1,2024-04-17 21:23:11.501
38380,180.096,1,2024-04-17 21:23:11.501
38390,135.008,1,2024-04-17 21:23:11.501
38400,29.568,1,2024-04-17 21:23:11.501
38310,52.2989,0,2024-04-17 21:23:16.669
38300,119.6959,0,2024-04-17 21:23:16.669
38290,131.4801,0,2024-04-17 21:23:16.669
38270,250.241,0,2024-04-17 21:23:16.669
38260,31.2848,0,2024-04-17 21:23:16.669
38360,154.2179,1,2024-04-17 21:23:16.669
38370,30.216,1,2024-04-17 21:23:16.669
38380,180.096,1,2024-04-17 21:23:16.669
38390,135.008,1,2024-04-17 21:23:16.669
38400,29.568,1,2024-04-17 21:23:16.669
38280,78.4801,0,2024-04-17 21:23:21.738
38270,254,0,2024-04-17 21:23:21.738
38260,31.2848,0,2024-04-17 21:23:21.738
38250,136.7324,0,2024-04-17 21:23:21.738
38240,174.7225,0,2024-04-17 21:23:21.738
38340,37.199,1,2024-04-17 21:23:21.738
38350,104,1,2024-04-17 21:23:21.738
38370,30.216,1,2024-04-17 21:23:21.738
38380,207.5761,1,2024-04-17 21:23:21.738
38390,135.008,1,2024-04-17 21:23:21.738
38310,27.4801,0,2024-04-17 21:23:26.839
38300,27.4801,0,2024-04-17 21:23:26.839
38290,78.4801,0,2024-04-17 21:23:26.839
38280,131.4801,0,2024-04-17 21:23:26.839
38270,150,0,2024-04-17 21:23:26.839
38340,26.199,1,2024-04-17 21:23:26.839
38350,104,1,2024-04-17 21:23:26.839
38360,150,1,2024-04-17 21:23:26.839
38380,57.5761,1,2024-04-17 21:23:26.839
38390,135.008,1,2024-04-17 21:23:26.839
38310,27.4801,0,2024-04-17 21:23:31.951
38300,27.4801,0,2024-04-17 21:23:31.951
38290,78.4801,0,2024-04-17 21:23:31.951
38280,131.4801,0,2024-04-17 21:23:31.951
38270,180.72,0,2024-04-17 21:23:31.951
38350,155,1,2024-04-17 21:23:31.951
38380,208.0081,1,2024-04-17 21:23:31.951
38390,135.008,1,2024-04-17 21:23:31.951
38400,29.568,1,2024-04-17 21:23:31.951
38410,510,1,2024-04-17 21:23:31.951
38310,27.4801,0,2024-04-17 21:23:37.167
38300,27.4801,0,2024-04-17 21:23:37.167
38290,78.4801,0,2024-04-17 21:23:37.167
38280,131.4801,0,2024-04-17 21:23:37.167
38270,426.498,0,2024-04-17 21:23:37.167
38350,155,1,2024-04-17 21:23:37.167
38380,208.0081,1,2024-04-17 21:23:37.167
38390,135.008,1,2024-04-17 21:23:37.167
38400,29.568,1,2024-04-17 21:23:37.167
38410,510,1,2024-04-17 21:23:37.167
38310,27.4801,0,2024-04-17 21:23:42.413
38300,27.4801,0,2024-04-17 21:23:42.413
38290,27.4801,0,2024-04-17 21:23:42.413
38280,131.4801,0,2024-04-17 21:23:42.413
38270,30.72,0,2024-04-17 21:23:42.413
38350,154.2177,1,2024-04-17 21:23:42.413
38380,208.0081,1,2024-04-17 21:23:42.413
38390,135.008,1,2024-04-17 21:23:42.413
38400,29.568,1,2024-04-17 21:23:42.413
38410,510,1,2024-04-17 21:23:42.413
38310,27.4801,0,2024-04-17 21:23:47.531
38300,27.4801,0,2024-04-17 21:23:47.531
38290,27.4801,0,2024-04-17 21:23:47.531
38280,131.4801,0,2024-04-17 21:23:47.531
38270,45.716,0,2024-04-17 21:23:47.531
38350,154.2177,1,2024-04-17 21:23:47.531
38380,208.0081,1,2024-04-17 21:23:47.531
38390,135.008,1,2024-04-17 21:23:47.531
38400,29.568,1,2024-04-17 21:23:47.531
38410,510,1,2024-04-17 21:23:47.531
38310,27.4801,0,2024-04-17 21:23:52.636
38300,27.4801,0,2024-04-17 21:23:52.636
38290,27.4801,0,2024-04-17 21:23:52.636
38280,131.4801,0,2024-04-17 21:23:52.636
38270,45.716,0,2024-04-17 21:23:52.636
38350,154.2177,1,2024-04-17 21:23:52.636
38380,208.0081,1,2024-04-17 21:23:52.636
38390,135.008,1,2024-04-17 21:23:52.636
38400,29.568,1,2024-04-17 21:23:52.636
38410,510,1,2024-04-17 21:23:52.636
38300,27.4801,0,2024-04-17 21:23:57.777
38290,27.4801,0,2024-04-17 21:23:57.777
38280,27.4801,0,2024-04-17 21:23:57.777
38270,27.4801,0,2024-04-17 21:23:57.777
38260,72.8888,0,2024-04-17 21:23:57.777
38320,104,1,2024-04-17 21:23:57.777
38330,51,1,2024-04-17 21:23:57.777
38340,150,1,2024-04-17 21:23:57.777
38360,134.528,1,2024-04-17 21:23:57.777
38370,57.9361,1,2024-04-17 21:23:57.777
38320,11,0,2024-04-17 21:24:02.862
38300,27.4801,0,2024-04-17 21:24:02.862
38290,27.4801,0,2024-04-17 21:24:02.862
38280,27.4801,0,2024-04-17 21:24:02.862
38270,27.4801,0,2024-04-17 21:24:02.862
38360,30.528,1,2024-04-17 21:24:02.862
38370,557.9361,1,2024-04-17 21:24:02.862
38380,58.0081,1,2024-04-17 21:24:02.862
38390,31.008,1,2024-04-17 21:24:02.862
38400,51,1,2024-04-17 21:24:02.862
38320,11,0,2024-04-17 21:24:07.974
38300,27.4801,0,2024-04-17 21:24:07.974
38290,33.9766,0,2024-04-17 21:24:07.974
38280,27.4801,0,2024-04-17 21:24:07.974
38270,27.4801,0,2024-04-17 21:24:07.974
38350,155,1,2024-04-17 21:24:07.974
38370,707.9361,1,2024-04-17 21:24:07.974
38380,162.0081,1,2024-04-17 21:24:07.974
38390,31.008,1,2024-04-17 21:24:07.974
38400,104,1,2024-04-17 21:24:07.974
38270,27.4801,0,2024-04-17 21:24:13.080
38260,28.3809,0,2024-04-17 21:24:13.080
38250,30.3805,0,2024-04-17 21:24:13.080
38240,69.5645,0,2024-04-17 21:24:13.080
38230,138.4281,0,2024-04-17 21:24:13.080
38310,104,1,2024-04-17 21:24:13.080
38320,51,1,2024-04-17 21:24:13.080
38330,27.4801,1,2024-04-17 21:24:13.080
38340,30.096,1,2024-04-17 21:24:13.080
38350,206.7601,1,2024-04-17 21:24:13.080
38260,0.9008,0,2024-04-17 21:24:18.585
38250,30.3805,0,2024-04-17 21:24:18.585
38240,18.5645,0,2024-04-17 21:24:18.585
38230,13.0031,0,2024-04-17 21:24:18.585
38220,88.3191,0,2024-04-17 21:24:18.585
38310,155,1,2024-04-17 21:24:18.585
38330,177.4801,1,2024-04-17 21:24:18.585
38340,29.376,1,2024-04-17 21:24:18.585
38350,56.7601,1,2024-04-17 21:24:18.585
38360,56.5921,1,2024-04-17 21:24:18.585
38260,0.9008,0,2024-04-17 21:24:23.785
38250,2.9004,0,2024-04-17 21:24:23.785
38240,46.0446,0,2024-04-17 21:24:23.785
38230,31.2122,0,2024-04-17 21:24:23.785
38220,36.2152,0,2024-04-17 21:24:23.785
38290,104,1,2024-04-17 21:24:23.785
38300,51,1,2024-04-17 21:24:23.785
38320,57.6721,1,2024-04-17 21:24:23.785
38330,207.3361,1,2024-04-17 21:24:23.785
38340,655.024,1,2024-04-17 21:24:23.785
38260,0,0,2024-04-17 21:24:28.992
38250,2.9004,0,2024-04-17 21:24:28.992
38240,18.5645,0,2024-04-17 21:24:28.992
38230,32.2122,0,2024-04-17 21:24:28.992
38220,36.2152,0,2024-04-17 21:24:28.992
38270,155,1,2024-04-17 21:24:28.992
38280,150,1,2024-04-17 21:24:28.992
38290,131.4801,1,2024-04-17 21:24:28.992
38300,30.888,1,2024-04-17 21:24:28.992
38310,161.5521,1,2024-04-17 21:24:28.992
38260,0,0,2024-04-17 21:24:34.099
38250,2.9004,0,2024-04-17 21:24:34.099
38240,18.5645,0,2024-04-17 21:24:34.099
38230,32.2122,0,2024-04-17 21:24:34.099
38220,36.2152,0,2024-04-17 21:24:34.099
38270,104,1,2024-04-17 21:24:34.099
38290,51,1,2024-04-17 21:24:34.099
38310,699.5361,1,2024-04-17 21:24:34.099
38320,161.6721,1,2024-04-17 21:24:34.099
38330,57.3361,1,2024-04-17 21:24:34.099
38250,2.9004,0,2024-04-17 21:24:39.262
38240,18.5645,0,2024-04-17 21:24:39.262
38230,32.2122,0,2024-04-17 21:24:39.262
38220,36.2152,0,2024-04-17 21:24:39.262
38210,27.4801,0,2024-04-17 21:24:39.262
38260,154.9999,1,2024-04-17 21:24:39.262
38290,281.4801,1,2024-04-17 21:24:39.262
38300,30.768,1,2024-04-17 21:24:39.262
38310,653.5361,1,2024-04-17 21:24:39.262
38320,57.6721,1,2024-04-17 21:24:39.262
38250,2.9004,0,2024-04-17 21:24:44.480
38240,46.0446,0,2024-04-17 21:24:44.480
38230,32.2122,0,2024-04-17 21:24:44.480
38220,36.2152,0,2024-04-17 21:24:44.480
38210,27.4801,0,2024-04-17 21:24:44.480
38280,155,1,2024-04-17 21:24:44.480
38290,150,1,2024-04-17 21:24:44.480
38310,131.4801,1,2024-04-17 21:24:44.480
38320,161.6721,1,2024-04-17 21:24:44.480
38330,57.3361,1,2024-04-17 21:24:44.480
38250,2.9004,0,2024-04-17 21:24:49.612
38240,18.5645,0,2024-04-17 21:24:49.612
38230,32.2122,0,2024-04-17 21:24:49.612
38220,36.2152,0,2024-04-17 21:24:49.612
38210,27.4801,0,2024-04-17 21:24:49.612
38260,155,1,2024-04-17 21:24:49.612
38270,150,1,2024-04-17 21:24:49.612
38300,162.0561,1,2024-04-17 21:24:49.612
38310,684.4721,1,2024-04-17 21:24:49.612
38320,57.6721,1,2024-04-17 21:24:49.612
38250,2.9004,0,2024-04-17 21:24:54.738
38240,18.5645,0,2024-04-17 21:24:54.738
38230,32.2122,0,2024-04-17 21:24:54.738
38220,36.2152,0,2024-04-17 21:24:54.738
38210,27.4801,0,2024-04-17 21:24:54.738
38260,155,1,2024-04-17 21:24:54.738
38270,150,1,2024-04-17 21:24:54.738
38300,162.0561,1,2024-04-17 21:24:54.738
38310,684.4721,1,2024-04-17 21:24:54.738
38320,57.6721,1,2024-04-17 21:24:54.738
38250,2.9004,0,2024-04-17 21:24:59.822
38240,18.5645,0,2024-04-17 21:24:59.822
38230,32.2122,0,2024-04-17 21:24:59.822
38220,36.2152,0,2024-04-17 21:24:59.822
38210,27.4801,0,2024-04-17 21:24:59.822
38260,155,1,2024-04-17 21:24:59.822
38270,150,1,2024-04-17 21:24:59.822
38300,710.5335,1,2024-04-17 21:24:59.822
38310,162.4161,1,2024-04-17 21:24:59.822
38320,57.6721,1,2024-04-17 21:24:59.822
38250,2.9004,0,2024-04-17 21:25:05.013
38240,46.0446,0,2024-04-17 21:25:05.013
38230,61.4922,0,2024-04-17 21:25:05.013
38220,65.1832,0,2024-04-17 21:25:05.013
38210,58.5601,0,2024-04-17 21:25:05.013
38300,26.2844,1,2024-04-17 21:25:05.013
38310,155,1,2024-04-17 21:25:05.013
38320,27.4801,1,2024-04-17 21:25:05.013
38330,177.4801,1,2024-04-17 21:25:05.013
38340,135.32,1,2024-04-17 21:25:05.013
38270,27.4801,0,2024-04-17 21:25:10.123
38260,27.4801,0,2024-04-17 21:25:10.123
38250,2.9004,0,2024-04-17 21:25:10.123
38240,46.0446,0,2024-04-17 21:25:10.123
38230,61.4922,0,2024-04-17 21:25:10.123
38300,25.7623,1,2024-04-17 21:25:10.123
38310,104,1,2024-04-17 21:25:10.123
38320,51,1,2024-04-17 21:25:10.123
38330,150,1,2024-04-17 21:25:10.123
38340,522.056,1,2024-04-17 21:25:10.123
38270,27.4801,0,2024-04-17 21:25:15.237
38260,27.4801,0,2024-04-17 21:25:15.237
38250,2.9004,0,2024-04-17 21:25:15.237
38240,46.0446,0,2024-04-17 21:25:15.237
38230,83.2122,0,2024-04-17 21:25:15.237
38290,154.4776,1,2024-04-17 21:25:15.237
38300,25.7623,1,2024-04-17 21:25:15.237
38330,150,1,2024-04-17 21:25:15.237
38340,656.992,1,2024-04-17 21:25:15.237
38350,161.1201,1,2024-04-17 21:25:15.237
38270,27.4801,0,2024-04-17 21:25:20.354
38260,28.4801,0,2024-04-17 21:25:20.354
38250,4.9004,0,2024-04-17 21:25:20.354
38240,46.0446,0,2024-04-17 21:25:20.354
38230,113.4282,0,2024-04-17 21:25:20.354
38290,103.4776,1,2024-04-17 21:25:20.354
38300,76.7623,1,2024-04-17 21:25:20.354
38310,150,1,2024-04-17 21:25:20.354
38340,134.936,1,2024-04-17 21:25:20.354
38350,161.1201,1,2024-04-17 21:25:20.354
38260,28.4801,0,2024-04-17 21:25:25.584
38250,4.9004,0,2024-04-17 21:25:25.584
38240,46.0446,0,2024-04-17 21:25:25.584
38230,83.2122,0,2024-04-17 21:25:25.584
38220,141.7031,0,2024-04-17 21:25:25.584
38290,153.1024,1,2024-04-17 21:25:25.584
38300,25.7623,1,2024-04-17 21:25:25.584
38310,150,1,2024-04-17 21:25:25.584
38330,57.4081,1,2024-04-17 21:25:25.584
38340,656.584,1,2024-04-17 21:25:25.584
38260,28.4801,0,2024-04-17 21:25:30.802
38250,4.9004,0,2024-04-17 21:25:30.802
38240,46.0446,0,2024-04-17 21:25:30.802
38230,113.6442,0,2024-04-17 21:25:30.802
38220,141.7031,0,2024-04-17 21:25:30.802
38300,25.7623,1,2024-04-17 21:25:30.802
38310,155,1,2024-04-17 21:25:30.802
38330,177.4801,1,2024-04-17 21:25:30.802
38340,625.648,1,2024-04-17 21:25:30.802
38350,161.1201,1,2024-04-17 21:25:30.802
38260,28.4801,0,2024-04-17 21:25:35.909
38250,4.9004,0,2024-04-17 21:25:35.909
38240,43.2053,0,2024-04-17 21:25:35.909
38230,83.2122,0,2024-04-17 21:25:35.909
38220,141.7031,0,2024-04-17 21:25:35.909
38290,104,1,2024-04-17 21:25:35.909
38300,76.7623,1,2024-04-17 21:25:35.909
38330,729.3361,1,2024-04-17 21:25:35.909
38340,133.304,1,2024-04-17 21:25:35.909
38350,161.1201,1,2024-04-17 21:25:35.909
38240,27.4801,0,2024-04-17 21:25:41.057
38230,27.9801,0,2024-04-17 21:25:41.057
38220,192.7031,0,2024-04-17 21:25:41.057
38210,31.08,0,2024-04-17 21:25:41.057
38200,221.103,0,2024-04-17 21:25:41.057
38300,180.7623,1,2024-04-17 21:25:41.057
38310,150,1,2024-04-17 21:25:41.057
38320,131.4801,1,2024-04-17 21:25:41.057
38330,579.3361,1,2024-04-17 21:25:41.057
38340,29.304,1,2024-04-17 21:25:41.057
38240,27.4801,0,2024-04-17 21:25:46.161
38230,78.9801,0,2024-04-17 21:25:46.161
38220,141.7031,0,2024-04-17 21:25:46.161
38210,31.08,0,2024-04-17 21:25:46.161
38200,221.103,0,2024-04-17 21:25:46.161
38290,51,1,2024-04-17 21:25:46.161
38300,129.7623,1,2024-04-17 21:25:46.161
38310,150,1,2024-04-17 21:25:46.161
38320,131.4801,1,2024-04-17 21:25:46.161
38330,579.3361,1,2024-04-17 21:25:46.161
38240,27.4801,0,2024-04-17 21:25:51.330
38230,78.9801,0,2024-04-17 21:25:51.330
38220,141.7031,0,2024-04-17 21:25:51.330
38210,31.08,0,2024-04-17 21:25:51.330
38200,221.103,0,2024-04-17 21:25:51.330
38290,51,1,2024-04-17 21:25:51.330
38300,129.7623,1,2024-04-17 21:25:51.330
38310,150,1,2024-04-17 21:25:51.330
38320,653.4001,1,2024-04-17 21:25:51.330
38330,57.5521,1,2024-04-17 21:25:51.330
38260,27.4801,0,2024-04-17 21:25:56.435
38250,27.4801,0,2024-04-17 21:25:56.435
38240,108.8881,0,2024-04-17 21:25:56.435
38230,161.9561,0,2024-04-17 21:25:56.435
38220,187.7031,0,2024-04-17 21:25:56.435
38300,25.7623,1,2024-04-17 21:25:56.435
38320,51,1,2024-04-17 21:25:56.435
38330,131.4801,1,2024-04-17 21:25:56.435
38340,150,1,2024-04-17 21:25:56.435
38350,265.1201,1,2024-04-17 21:25:56.435
38280,13.0363,0,2024-04-17 21:26:01.552
38250,27.4801,0,2024-04-17 21:26:01.552
38240,43.715,0,2024-04-17 21:26:01.552
38230,78.9801,0,2024-04-17 21:26:01.552
38220,8.7351,0,2024-04-17 21:26:01.552
38300,76.7623,1,2024-04-17 21:26:01.552
38310,27.4801,1,2024-04-17 21:26:01.552
38320,150,1,2024-04-17 21:26:01.552
38330,57.0961,1,2024-04-17 21:26:01.552
38340,31.056,1,2024-04-17 21:26:01.552
38280,25.0695,0,2024-04-17 21:26:06.677
38260,13.0363,0,2024-04-17 21:26:06.677
38250,27.4801,0,2024-04-17 21:26:06.677
38240,43.715,0,2024-04-17 21:26:06.677
38230,78.9801,0,2024-04-17 21:26:06.677
38290,104,1,2024-04-17 21:26:06.677
38300,76.7623,1,2024-04-17 21:26:06.677
38310,27.4801,1,2024-04-17 21:26:06.677
38320,179.016,1,2024-04-17 21:26:06.677
38330,161.0961,1,2024-04-17 21:26:06.677
38280,25.0695,0,2024-04-17 21:26:11.989
38260,13.0363,0,2024-04-17 21:26:11.989
38240,16.2349,0,2024-04-17 21:26:11.989
38230,27.9801,0,2024-04-17 21:26:11.989
38220,36.2152,0,2024-04-17 21:26:11.989
38290,180.3495,1,2024-04-17 21:26:11.989
38300,175.7623,1,2024-04-17 21:26:11.989
38310,57.0001,1,2024-04-17 21:26:11.989
38320,29.016,1,2024-04-17 21:26:11.989
38330,161.0961,1,2024-04-17 21:26:11.989
38280,25.0695,0,2024-04-17 21:26:17.244
38260,13.0363,0,2024-04-17 21:26:17.244
38240,16.2349,0,2024-04-17 21:26:17.244
38230,127.9801,0,2024-04-17 21:26:17.244
38220,36.2152,0,2024-04-17 21:26:17.244
38290,180.3495,1,2024-04-17 21:26:17.244
38300,175.7623,1,2024-04-17 21:26:17.244
38310,161.0001,1,2024-04-17 21:26:17.244
38320,29.016,1,2024-04-17 21:26:17.244
38330,57.0961,1,2024-04-17 21:26:17.244
38280,25.0695,0,2024-04-17 21:26:22.448
38260,13.0363,0,2024-04-17 21:26:22.448
38240,43.715,0,2024-04-17 21:26:22.448
38230,127.9801,0,2024-04-17 21:26:22.448
38220,36.2152,0,2024-04-17 21:26:22.448
38290,88.0508,1,2024-04-17 21:26:22.448
38300,25.7623,1,2024-04-17 21:26:22.448
38310,78.4801,1,2024-04-17 21:26:22.448
38320,29.016,1,2024-04-17 21:26:22.448
38330,311.0961,1,2024-04-17 21:26:22.448
38280,25.0695,0,2024-04-17 21:26:27.572
38260,13.0363,0,2024-04-17 21:26:27.572
38240,16.2349,0,2024-04-17 21:26:27.572
38230,127.9801,0,2024-04-17 21:26:27.572
38220,36.2152,0,2024-04-17 21:26:27.572
38290,115.5309,1,2024-04-17 21:26:27.572
38300,56.6263,1,2024-04-17 21:26:27.572
38310,78.4801,1,2024-04-17 21:26:27.572
38320,29.016,1,2024-04-17 21:26:27.572
38330,311.0961,1,2024-04-17 21:26:27.572
38260,13.0363,0,2024-04-17 21:26:32.679
38240,16.2349,0,2024-04-17 21:26:32.679
38230,100.5,0,2024-04-17 21:26:32.679
38220,36.2152,0,2024-04-17 21:26:32.679
38210,27.4801,0,2024-04-17 21:26:32.679
38280,20.342,1,2024-04-17 21:26:32.679
38290,196.3389,1,2024-04-17 21:26:32.679
38300,206.6263,1,2024-04-17 21:26:32.679
38310,27.4801,1,2024-04-17 21:26:32.679
38320,29.016,1,2024-04-17 21:26:32.679
38280,13.0582,0,2024-04-17 21:26:37.864
38260,13.0363,0,2024-04-17 21:26:37.864
38240,16.2349,0,2024-04-17 21:26:37.864
38230,127.9801,0,2024-04-17 21:26:37.864
38220,36.2152,0,2024-04-17 21:26:37.864
38290,139.0508,1,2024-04-17 21:26:37.864
38300,175.7623,1,2024-04-17 21:26:37.864
38310,27.4801,1,2024-04-17 21:26:37.864
38320,29.016,1,2024-04-17 21:26:37.864
38330,161.0961,1,2024-04-17 21:26:37.864
38280,6.1823,0,2024-04-17 21:26:42.969
38260,13.0363,0,2024-04-17 21:26:42.969
38240,16.2349,0,2024-04-17 21:26:42.969
38230,127.9801,0,2024-04-17 21:26:42.969
38220,36.2152,0,2024-04-17 21:26:42.969
38290,139.0508,1,2024-04-17 21:26:42.969
38300,175.7623,1,2024-04-17 21:26:42.969
38310,56.4721,1,2024-04-17 21:26:42.969
38320,29.016,1,2024-04-17 21:26:42.969
38330,682.8801,1,2024-04-17 21:26:42.969
38280,6.1823,0,2024-04-17 21:26:48.065
38260,13.0363,0,2024-04-17 21:26:48.065
38240,16.2349,0,2024-04-17 21:26:48.065
38230,127.9801,0,2024-04-17 21:26:48.065
38220,36.2152,0,2024-04-17 21:26:48.065
38290,139.0508,1,2024-04-17 21:26:48.065
38300,175.7623,1,2024-04-17 21:26:48.065
38310,56.4721,1,2024-04-17 21:26:48.065
38320,29.016,1,2024-04-17 21:26:48.065
38330,161.0961,1,2024-04-17 21:26:48.065
38280,0,0,2024-04-17 21:26:53.173
38260,13.0363,0,2024-04-17 21:26:53.173
38240,16.2349,0,2024-04-17 21:26:53.173
38230,127.9801,0,2024-04-17 21:26:53.173
38220,36.2152,0,2024-04-17 21:26:53.173
38290,166.5309,1,2024-04-17 21:26:53.173
38300,206.7703,1,2024-04-17 21:26:53.173
38310,56.4721,1,2024-04-17 21:26:53.173
38320,29.016,1,2024-04-17 21:26:53.173
38330,161.0961,1,2024-04-17 21:26:53.173
38260,13.0363,0,2024-04-17 21:26:58.455
38240,16.2349,0,2024-04-17 21:26:58.455
38230,127.9801,0,2024-04-17 21:26:58.455
38220,36.2152,0,2024-04-17 21:26:58.455
38210,27.4801,0,2024-04-17 21:26:58.455
38270,104,1,2024-04-17 21:26:58.455
38290,78.4801,1,2024-04-17 21:26:58.455
38300,310.7703,1,2024-04-17 21:26:58.455
38310,56.4721,1,2024-04-17 21:26:58.455
38320,133.016,1,2024-04-17 21:26:58.455
38260,13.0363,0,2024-04-17 21:27:03.918
38240,16.2349,0,2024-04-17 21:27:03.918
38230,127.9801,0,2024-04-17 21:27:03.918
38220,65.7592,0,2024-04-17 21:27:03.918
38210,27.4801,0,2024-04-17 21:27:03.918
38300,175.7623,1,2024-04-17 21:27:03.918
38310,27.4801,1,2024-04-17 21:27:03.918
38320,133.016,1,2024-04-17 21:27:03.918
38330,57.0961,1,2024-04-17 21:27:03.918
38350,79,1,2024-04-17 21:27:03.918
38260,5.9131,0,2024-04-17 21:27:09.044
38250,27.4801,0,2024-04-17 21:27:09.044
38230,127.9801,0,2024-04-17 21:27:09.044
38220,116.7592,0,2024-04-17 21:27:09.044
38210,131.4801,0,2024-04-17 21:27:09.044
38300,129.7623,1,2024-04-17 21:27:09.044
38310,78.4801,1,2024-04-17 21:27:09.044
38330,207.0961,1,2024-04-17 21:27:09.044
38340,104,1,2024-04-17 21:27:09.044
38350,134.48,1,2024-04-17 21:27:09.044
38260,5.9131,0,2024-04-17 21:27:14.187
38250,27.4801,0,2024-04-17 21:27:14.187
38230,178.9801,0,2024-04-17 21:27:14.187
38220,169.7592,0,2024-04-17 21:27:14.187
38210,53.617,0,2024-04-17 21:27:14.187
38300,180.7623,1,2024-04-17 21:27:14.187
38310,177.4801,1,2024-04-17 21:27:14.187
38330,57.0961,1,2024-04-17 21:27:14.187
38340,104,1,2024-04-17 21:27:14.187
38350,134.48,1,2024-04-17 21:27:14.187
38260,5.9131,0,2024-04-17 21:27:19.285
38250,27.4801,0,2024-04-17 21:27:19.285
38230,127.9801,0,2024-04-17 21:27:19.285
38220,116.7592,0,2024-04-17 21:27:19.285
38210,157.617,0,2024-04-17 21:27:19.285
38280,104,1,2024-04-17 21:27:19.285
38290,51,1,2024-04-17 21:27:19.285
38300,25.7623,1,2024-04-17 21:27:19.285
38310,177.4801,1,2024-04-17 21:27:19.285
38330,57.0961,1,2024-04-17 21:27:19.285
38260,18.9713,0,2024-04-17 21:27:24.449
38250,2,0,2024-04-17 21:27:24.449
38230,141.1202,0,2024-04-17 21:27:24.449
38220,36.2152,0,2024-04-17 21:27:24.449
38210,160.7361,0,2024-04-17 21:27:24.449
38280,90.9417,1,2024-04-17 21:27:24.449
38290,51,1,2024-04-17 21:27:24.449
38300,25.7623,1,2024-04-17 21:27:24.449
38310,177.4801,1,2024-04-17 21:27:24.449
38320,29.256,1,2024-04-17 21:27:24.449
38250,29.4801,0,2024-04-17 21:27:29.558
38230,192.1202,0,2024-04-17 21:27:29.558
38220,66.8152,0,2024-04-17 21:27:29.558
38210,56.7361,0,2024-04-17 21:27:29.558
38200,219.159,0,2024-04-17 21:27:29.558
38260,46.6502,1,2024-04-17 21:27:29.558
38280,90.9417,1,2024-04-17 21:27:29.558
38290,51,1,2024-04-17 21:27:29.558
38300,25.7623,1,2024-04-17 21:27:29.558
38310,177.4801,1,2024-04-17 21:27:29.558
38250,29.4801,0,2024-04-17 21:27:34.714
38230,192.1202,0,2024-04-17 21:27:34.714
38220,196.959,0,2024-04-17 21:27:34.714
38210,92.3161,0,2024-04-17 21:27:34.714
38200,219.159,0,2024-04-17 21:27:34.714
38260,72.898,1,2024-04-17 21:27:34.714
38290,51,1,2024-04-17 21:27:34.714
38300,129.7623,1,2024-04-17 21:27:34.714
38310,177.4801,1,2024-04-17 21:27:34.714
38330,57.0961,1,2024-04-17 21:27:34.714
38230,141.1202,0,2024-04-17 21:27:39.838
38220,87.2152,0,2024-04-17 21:27:39.838
38210,160.7361,0,2024-04-17 21:27:39.838
38200,219.159,0,2024-04-17 21:27:39.838
38190,40.8278,0,2024-04-17 21:27:39.838
38250,63.6215,1,2024-04-17 21:27:39.838
38260,61.898,1,2024-04-17 21:27:39.838
38280,155,1,2024-04-17 21:27:39.838
38300,25.7623,1,2024-04-17 21:27:39.838
38310,281.4801,1,2024-04-17 21:27:39.838
38250,6.1148,0,2024-04-17 21:27:44.935
38230,302.7952,0,2024-04-17 21:27:44.935
38220,117.0952,0,2024-04-17 21:27:44.935
38210,160.9521,0,2024-04-17 21:27:44.935
38200,219.159,0,2024-04-17 21:27:44.935
38260,61.898,1,2024-04-17 21:27:44.935
38280,155,1,2024-04-17 21:27:44.935
38300,25.7623,1,2024-04-17 21:27:44.935
38310,281.4801,1,2024-04-17 21:27:44.935
38320,104,1,2024-04-17 21:27:44.935
38250,0.5,0,2024-04-17 21:27:50.306
38230,196.7672,0,2024-04-17 21:27:50.306
38220,36.2152,0,2024-04-17 21:27:50.306
38210,134.0958,0,2024-04-17 21:27:50.306
38200,69.159,0,2024-04-17 21:27:50.306
38260,26.2478,1,2024-04-17 21:27:50.306
38270,104,1,2024-04-17 21:27:50.306
38280,51,1,2024-04-17 21:27:50.306
38300,25.7623,1,2024-04-17 21:27:50.306
38310,310.9281,1,2024-04-17 21:27:50.306
38250,0.5,0,2024-04-17 21:27:55.533
38230,141.1202,0,2024-04-17 21:27:55.533
38220,36.2152,0,2024-04-17 21:27:55.533
38210,84.3678,0,2024-04-17 21:27:55.533
38200,69.159,0,2024-04-17 21:27:55.533
38260,26.2478,1,2024-04-17 21:27:55.533
38270,155,1,2024-04-17 21:27:55.533
38300,53.2424,1,2024-04-17 21:27:55.533
38310,160.9281,1,2024-04-17 21:27:55.533
38320,134.744,1,2024-04-17 21:27:55.533
38250,0.5,0,2024-04-17 21:28:00.627
38230,113.6401,0,2024-04-17 21:28:00.627
38220,36.2152,0,2024-04-17 21:28:00.627
38210,27.4801,0,2024-04-17 21:28:00.627
38200,67.7671,0,2024-04-17 21:28:00.627
38260,181.2478,1,2024-04-17 21:28:00.627
38270,150,1,2024-04-17 21:28:00.627
38280,27.4801,1,2024-04-17 21:28:00.627
38290,104,1,2024-04-17 21:28:00.627
38300,83.0024,1,2024-04-17 21:28:00.627
38250,0.5,0,2024-04-17 21:28:05.743
38230,113.6401,0,2024-04-17 21:28:05.743
38220,36.2152,0,2024-04-17 21:28:05.743
38210,27.4801,0,2024-04-17 21:28:05.743
38200,98.2471,0,2024-04-17 21:28:05.743
38260,26.2478,1,2024-04-17 21:28:05.743
38290,131.4801,1,2024-04-17 21:28:05.743
38300,284.0024,1,2024-04-17 21:28:05.743
38310,56.9281,1,2024-04-17 21:28:05.743
38320,238.744,1,2024-04-17 21:28:05.743
38250,0.5,0,2024-04-17 21:28:12.179
38230,141.1202,0,2024-04-17 21:28:12.179
38220,66.9112,0,2024-04-17 21:28:12.179
38210,27.4801,0,2024-04-17 21:28:12.179
38200,98.2471,0,2024-04-17 21:28:12.179
38260,26.2478,1,2024-04-17 21:28:12.179
38280,155,1,2024-04-17 21:28:12.179
38300,175.7623,1,2024-04-17 21:28:12.179
38310,27.4801,1,2024-04-17 21:28:12.179
38320,238.744,1,2024-04-17 21:28:12.179
38230,141.1202,0,2024-04-17 21:28:17.892
38220,36.2152,0,2024-04-17 21:28:17.892
38210,27.4801,0,2024-04-17 21:28:17.892
38200,175.3909,0,2024-04-17 21:28:17.892
38190,144.8278,0,2024-04-17 21:28:17.892
38250,17.3251,1,2024-04-17 21:28:17.892
38260,130.2478,1,2024-04-17 21:28:17.892
38280,51,1,2024-04-17 21:28:17.892
38300,175.7623,1,2024-04-17 21:28:17.892
38310,27.4801,1,2024-04-17 21:28:17.892
38210,28.824,0,2024-04-17 21:28:23.587
38200,96.9108,0,2024-04-17 21:28:23.587
38190,144.8278,0,2024-04-17 21:28:23.587
38180,2.6054,0,2024-04-17 21:28:23.587
38170,365.1651,0,2024-04-17 21:28:23.587
38220,158.4067,1,2024-04-17 21:28:23.587
38250,17.3251,1,2024-04-17 21:28:23.587
38260,26.2478,1,2024-04-17 21:28:23.587
38290,27.4801,1,2024-04-17 21:28:23.587
38300,155,1,2024-04-17 21:28:23.587
38200,70.767,0,2024-04-17 21:28:29.355
38190,40.8278,0,2024-04-17 21:28:29.355
38180,183.7766,0,2024-04-17 21:28:29.355
38170,314.1651,0,2024-04-17 21:28:29.355
38160,501.0297,0,2024-04-17 21:28:29.355
38220,158.4067,1,2024-04-17 21:28:29.355
38240,51,1,2024-04-17 21:28:29.355
38250,121.3251,1,2024-04-17 21:28:29.355
38260,26.2478,1,2024-04-17 21:28:29.355
38270,150,1,2024-04-17 21:28:29.355
38200,22.4619,0,2024-04-17 21:28:35.325
38190,11.4518,0,2024-04-17 21:28:35.325
38180,28.7766,0,2024-04-17 21:28:35.325
38170,195.5331,0,2024-04-17 21:28:35.325
38160,528.7257,0,2024-04-17 21:28:35.325
38220,178.9362,1,2024-04-17 21:28:35.325
38230,155,1,2024-04-17 21:28:35.325
38250,167.3251,1,2024-04-17 21:28:35.325
38260,26.2478,1,2024-04-17 21:28:35.325
38270,27.4801,1,2024-04-17 21:28:35.325
38200,11.4098,0,2024-04-17 21:28:41.133
38190,11.4518,0,2024-04-17 21:28:41.133
38180,31.5014,0,2024-04-17 21:28:41.133
38170,194.8371,0,2024-04-17 21:28:41.133
38160,28.7257,0,2024-04-17 21:28:41.133
38220,178.9362,1,2024-04-17 21:28:41.133
38260,181.2478,1,2024-04-17 21:28:41.133
38270,27.4801,1,2024-04-17 21:28:41.133
38280,206.5441,1,2024-04-17 21:28:41.133
38290,160.4001,1,2024-04-17 21:28:41.133
38180,31.104,0,2024-04-17 21:28:46.869
38170,111.2109,0,2024-04-17 21:28:46.869
38160,276.4317,0,2024-04-17 21:28:46.869
38150,1.8513,0,2024-04-17 21:28:46.869
38140,33.208,0,2024-04-17 21:28:46.869
38220,25.7623,1,2024-04-17 21:28:46.869
38260,26.2478,1,2024-04-17 21:28:46.869
38270,27.4801,1,2024-04-17 21:28:46.869
38280,27.4801,1,2024-04-17 21:28:46.869
38290,27.4801,1,2024-04-17 21:28:46.869
38190,51,0,2024-04-17 21:28:52.590
38180,135.4465,0,2024-04-17 21:28:52.590
38170,1341.719,0,2024-04-17 21:28:52.590
38160,28.7257,0,2024-04-17 21:28:52.590
38150,255.8513,0,2024-04-17 21:28:52.590
38260,15.3888,1,2024-04-17 21:28:52.590
38270,58.2001,1,2024-04-17 21:28:52.590
38280,58.4641,1,2024-04-17 21:28:52.590
38290,182.4801,1,2024-04-17 21:28:52.590
38300,30.432,1,2024-04-17 21:28:52.590
38190,50,0,2024-04-17 21:28:58.321
38180,103.8398,0,2024-04-17 21:28:58.321
38170,30.692,0,2024-04-17 21:28:58.321
38160,79.7257,0,2024-04-17 21:28:58.321
38150,359.8513,0,2024-04-17 21:28:58.321
38260,15.3888,1,2024-04-17 21:28:58.321
38280,155,1,2024-04-17 21:28:58.321
38290,30.888,1,2024-04-17 21:28:58.321
38300,57.9121,1,2024-04-17 21:28:58.321
38310,684.1051,1,2024-04-17 21:28:58.321
38200,50,0,2024-04-17 21:29:04.727
38170,81.692,0,2024-04-17 21:29:04.727
38160,528.7257,0,2024-04-17 21:29:04.727
38150,151.8513,0,2024-04-17 21:29:04.727
38140,105,0,2024-04-17 21:29:04.727
38260,15.3888,1,2024-04-17 21:29:04.727
38280,29.184,1,2024-04-17 21:29:04.727
38290,30.384,1,2024-04-17 21:29:04.727
38300,57.9121,1,2024-04-17 21:29:04.727
38310,108.9121,1,2024-04-17 21:29:04.727
38200,26.178,0,2024-04-17 21:29:10.495
38190,129.339,0,2024-04-17 21:29:10.495
38170,51.5,0,2024-04-17 21:29:10.495
38160,56.8957,0,2024-04-17 21:29:10.495
38150,181.0833,0,2024-04-17 21:29:10.495
38260,15.3888,1,2024-04-17 21:29:10.495
38280,29.184,1,2024-04-17 21:29:10.495
38290,30.384,1,2024-04-17 21:29:10.495
38300,57.9121,1,2024-04-17 21:29:10.495
38310,27.4801,1,2024-04-17 21:29:10.495
38200,42.4256,0,2024-04-17 21:29:16.237
38190,104.294,0,2024-04-17 21:29:16.237
38180,155,0,2024-04-17 21:29:16.237
38170,30.74,0,2024-04-17 21:29:16.237
38160,206.8957,0,2024-04-17 21:29:16.237
38260,14.3888,1,2024-04-17 21:29:16.237
38270,104,1,2024-04-17 21:29:16.237
38280,51,1,2024-04-17 21:29:16.237
38290,30.384,1,2024-04-17 21:29:16.237
38300,207.9121,1,2024-04-17 21:29:16.237
38200,131.9676,0,2024-04-17 21:29:22.091
38190,155,0,2024-04-17 21:29:22.091
38170,0.5,0,2024-04-17 21:29:22.091
38160,281.2077,0,2024-04-17 21:29:22.091
38150,43.0833,0,2024-04-17 21:29:22.091
38260,115.7751,1,2024-04-17 21:29:22.091
38270,28.92,1,2024-04-17 21:29:22.091
38280,180.864,1,2024-04-17 21:29:22.091
38290,30.384,1,2024-04-17 21:29:22.091
38300,57.9121,1,2024-04-17 21:29:22.091
38240,411.1769,0,2024-04-17 21:29:27.890
38200,67.2476,0,2024-04-17 21:29:27.890
38190,220.054,0,2024-04-17 21:29:27.890
38170,150.5,0,2024-04-17 21:29:27.890
38160,131.2077,0,2024-04-17 21:29:27.890
38260,41.8711,1,2024-04-17 21:29:27.890
38270,28.92,1,2024-04-17 21:29:27.890
38280,30.864,1,2024-04-17 21:29:27.890
38290,30.384,1,2024-04-17 21:29:27.890
38300,78.4801,1,2024-04-17 21:29:27.890
38240,411.1769,0,2024-04-17 21:29:33.361
38200,16.2476,0,2024-04-17 21:29:33.361
38180,17.753,0,2024-04-17 21:29:33.361
38170,51.5,0,2024-04-17 21:29:33.361
38160,27.2077,0,2024-04-17 21:29:33.361
38250,29.16,1,2024-04-17 21:29:33.361
38260,41.8711,1,2024-04-17 21:29:33.361
38270,56.4001,1,2024-04-17 21:29:33.361
38280,58.3441,1,2024-04-17 21:29:33.361
38300,27.4801,1,2024-04-17 21:29:33.361
38240,24.4136,0,2024-04-17 21:29:38.624
38200,16.2476,0,2024-04-17 21:29:38.624
38170,51.5,0,2024-04-17 21:29:38.624
38160,27.2077,0,2024-04-17 21:29:38.624
38150,270.8513,0,2024-04-17 21:29:38.624
38250,29.16,1,2024-04-17 21:29:38.624
38260,41.8711,1,2024-04-17 21:29:38.624
38270,56.4001,1,2024-04-17 21:29:38.624
38280,58.3441,1,2024-04-17 21:29:38.624
38300,27.4801,1,2024-04-17 21:29:38.624
38240,18.043,0,2024-04-17 21:29:43.792
38200,16.2476,0,2024-04-17 21:29:43.792
38180,193.12,0,2024-04-17 21:29:43.792
38170,104.5,0,2024-04-17 21:29:43.792
38160,27.2077,0,2024-04-17 21:29:43.792
38250,29.16,1,2024-04-17 21:29:43.792
38260,41.8711,1,2024-04-17 21:29:43.792
38270,56.4001,1,2024-04-17 21:29:43.792
38280,109.3441,1,2024-04-17 21:29:43.792
38300,27.4801,1,2024-04-17 21:29:43.792
38240,13.4136,0,2024-04-17 21:29:48.967
38200,16.2476,0,2024-04-17 21:29:48.967
38180,151.051,0,2024-04-17 21:29:48.967
38170,106.0719,0,2024-04-17 21:29:48.967
38160,27.2077,0,2024-04-17 21:29:48.967
38250,155,1,2024-04-17 21:29:48.967
38260,191.8711,1,2024-04-17 21:29:48.967
38270,160.4001,1,2024-04-17 21:29:48.967
38280,58.3441,1,2024-04-17 21:29:48.967
38290,18,1,2024-04-17 21:29:48.967
38240,13.4136,0,2024-04-17 21:29:54.125
38200,16.2476,0,2024-04-17 21:29:54.125
38180,51,0,2024-04-17 21:29:54.125
38170,106.0719,0,2024-04-17 21:29:54.125
38160,27.2077,0,2024-04-17 21:29:54.125
38250,155,1,2024-04-17 21:29:54.125
38260,191.8711,1,2024-04-17 21:29:54.125
38270,160.4001,1,2024-04-17 21:29:54.125
38280,58.3441,1,2024-04-17 21:29:54.125
38290,18,1,2024-04-17 21:29:54.125
38240,13.4136,0,2024-04-17 21:29:59.271
38200,16.2476,0,2024-04-17 21:29:59.271
38180,51,0,2024-04-17 21:29:59.271
38170,106.0719,0,2024-04-17 21:29:59.271
38160,27.2077,0,2024-04-17 21:29:59.271
38250,155,1,2024-04-17 21:29:59.271
38260,191.8711,1,2024-04-17 21:29:59.271
38270,160.4001,1,2024-04-17 21:29:59.271
38280,58.3441,1,2024-04-17 21:29:59.271
38290,18,1,2024-04-17 21:29:59.271
38240,4.6821,0,2024-04-17 21:30:04.411
38200,16.2476,0,2024-04-17 21:30:04.411
38170,2.0719,0,2024-04-17 21:30:04.411
38160,1.0297,0,2024-04-17 21:30:04.411
38150,16.8513,0,2024-04-17 21:30:04.411
38250,213.0801,1,2024-04-17 21:30:04.411
38260,191.8711,1,2024-04-17 21:30:04.411
38270,160.4001,1,2024-04-17 21:30:04.411
38280,58.3441,1,2024-04-17 21:30:04.411
38290,18,1,2024-04-17 21:30:04.411
38240,4.6821,0,2024-04-17 21:30:09.708
38200,16.2476,0,2024-04-17 21:30:09.708
38170,79.2225,0,2024-04-17 21:30:09.708
38160,1.0297,0,2024-04-17 21:30:09.708
38150,120.8513,0,2024-04-17 21:30:09.708
38250,155,1,2024-04-17 21:30:09.708
38260,191.8711,1,2024-04-17 21:30:09.708
38270,56.4001,1,2024-04-17 21:30:09.708
38280,58.3441,1,2024-04-17 21:30:09.708
38290,122,1,2024-04-17 21:30:09.708
38260,14.7605,0,2024-04-17 21:30:14.976
38240,3.3745,0,2024-04-17 21:30:14.976
38200,16.2476,0,2024-04-17 21:30:14.976
38190,51,0,2024-04-17 21:30:14.976
38180,50,0,2024-04-17 21:30:14.976
38290,109.3921,1,2024-04-17 21:30:14.976
38300,133.064,1,2024-04-17 21:30:14.976
38310,162.6321,1,2024-04-17 21:30:14.976
38320,668,1,2024-04-17 21:30:14.976
38370,78.4245,1,2024-04-17 21:30:14.976
38200,12.4343,0,2024-04-17 21:30:20.183
38190,51,0,2024-04-17 21:30:20.183
38170,132.2225,0,2024-04-17 21:30:20.183
38160,151.0297,0,2024-04-17 21:30:20.183
38150,46.2273,0,2024-04-17 21:30:20.183
38280,184.112,1,2024-04-17 21:30:20.183
38290,58.3921,1,2024-04-17 21:30:20.183
38300,29.064,1,2024-04-17 21:30:20.183
38310,162.6321,1,2024-04-17 21:30:20.183
38320,1190.193,1,2024-04-17 21:30:20.183
38200,113.4343,0,2024-04-17 21:30:25.295
38190,104,0,2024-04-17 21:30:25.295
38180,150,0,2024-04-17 21:30:25.295
38170,132.2225,0,2024-04-17 21:30:25.295
38160,1.0297,0,2024-04-17 21:30:25.295
38260,155,1,2024-04-17 21:30:25.295
38280,179.112,1,2024-04-17 21:30:25.295
38290,58.3921,1,2024-04-17 21:30:25.295
38300,29.064,1,2024-04-17 21:30:25.295
38310,162.6321,1,2024-04-17 21:30:25.295
38200,47.5752,0,2024-04-17 21:30:30.443
38180,150,0,2024-04-17 21:30:30.443
38170,132.2225,0,2024-04-17 21:30:30.443
38160,105.0297,0,2024-04-17 21:30:30.443
38150,46.2273,0,2024-04-17 21:30:30.443
38260,51,1,2024-04-17 21:30:30.443
38270,104,1,2024-04-17 21:30:30.443
38280,179.112,1,2024-04-17 21:30:30.443
38290,58.3921,1,2024-04-17 21:30:30.443
38300,29.064,1,2024-04-17 21:30:30.443
38200,47.5752,0,2024-04-17 21:30:35.637
38180,150.5238,0,2024-04-17 21:30:35.637
38170,106.0719,0,2024-04-17 21:30:35.637
38160,134.8857,0,2024-04-17 21:30:35.637
38150,46.2273,0,2024-04-17 21:30:35.637
38260,39.2448,1,2024-04-17 21:30:35.637
38270,104,1,2024-04-17 21:30:35.637
38280,150,1,2024-04-17 21:30:35.637
38290,30.912,1,2024-04-17 21:30:35.637
38300,29.064,1,2024-04-17 21:30:35.637
38210,104,0,2024-04-17 21:30:41.007
38180,150.5238,0,2024-04-17 21:30:41.007
38170,106.0719,0,2024-04-17 21:30:41.007
38160,134.2377,0,2024-04-17 21:30:41.007
38150,46.2273,0,2024-04-17 21:30:41.007
38260,51,1,2024-04-17 21:30:41.007
38270,104,1,2024-04-17 21:30:41.007
38280,150,1,2024-04-17 21:30:41.007
38290,30.912,1,2024-04-17 21:30:41.007
38300,29.064,1,2024-04-17 21:30:41.007
38230,51,0,2024-04-17 21:30:46.124
38220,50,0,2024-04-17 21:30:46.124
38210,104,0,2024-04-17 21:30:46.124
38200,150,0,2024-04-17 21:30:46.124
38190,350.66,0,2024-04-17 21:30:46.124
38280,51,1,2024-04-17 21:30:46.124
38290,134.912,1,2024-04-17 21:30:46.124
38300,56.5441,1,2024-04-17 21:30:46.124
38310,162.6321,1,2024-04-17 21:30:46.124
38320,695.4801,1,2024-04-17 21:30:46.124
38250,50,0,2024-04-17 21:30:51.617
38230,51,0,2024-04-17 21:30:51.617
38220,154,0,2024-04-17 21:30:51.617
38200,150,0,2024-04-17 21:30:51.617
38190,104,0,2024-04-17 21:30:51.617
38300,51,1,2024-04-17 21:30:51.617
38310,162.6321,1,2024-04-17 21:30:51.617
38320,177.4801,1,2024-04-17 21:30:51.617
38330,160.1361,1,2024-04-17 21:30:51.617
38350,104,1,2024-04-17 21:30:51.617
38250,50,0,2024-04-17 21:30:56.958
38230,51,0,2024-04-17 21:30:56.958
38220,104,0,2024-04-17 21:30:56.958
38200,150,0,2024-04-17 21:30:56.958
38190,132.944,0,2024-04-17 21:30:56.958
38320,107.4241,1,2024-04-17 21:30:56.958
38330,56.1361,1,2024-04-17 21:30:56.958
38340,131.4801,1,2024-04-17 21:30:56.958
38350,671.512,1,2024-04-17 21:30:56.958
38360,604,1,2024-04-17 21:30:56.958
38250,143.9287,0,2024-04-17 21:31:02.299
38230,26.1437,0,2024-04-17 21:31:02.299
38180,185.1158,0,2024-04-17 21:31:02.299
38170,31.2799,0,2024-04-17 21:31:02.299
38160,180.2377,0,2024-04-17 21:31:02.299
38310,28.848,1,2024-04-17 21:31:02.299
38320,56.4241,1,2024-04-17 21:31:02.299
38330,56.1361,1,2024-04-17 21:31:02.299
38340,549.5361,1,2024-04-17 21:31:02.299
38360,500,1,2024-04-17 21:31:02.299
38190,76.1437,0,2024-04-17 21:31:07.469
38180,0.5238,0,2024-04-17 21:31:07.469
38170,2.0719,0,2024-04-17 21:31:07.469
38160,1.0297,0,2024-04-17 21:31:07.469
38150,67.8513,0,2024-04-17 21:31:07.469
38300,29.28,1,2024-04-17 21:31:07.469
38310,107.3281,1,2024-04-17 21:31:07.469
38320,160.4241,1,2024-04-17 21:31:07.469
38330,56.1361,1,2024-04-17 21:31:07.469
38340,699.1281,1,2024-04-17 21:31:07.469
38190,76.1437,0,2024-04-17 21:31:12.597
38180,51.5238,0,2024-04-17 21:31:12.597
38170,106.0719,0,2024-04-17 21:31:12.597
38160,1.0297,0,2024-04-17 21:31:12.597
38150,166.8513,0,2024-04-17 21:31:12.597
38280,31.104,1,2024-04-17 21:31:12.597
38290,27.4801,1,2024-04-17 21:31:12.597
38300,29.28,1,2024-04-17 21:31:12.597
38310,107.3281,1,2024-04-17 21:31:12.597
38320,160.4241,1,2024-04-17 21:31:12.597
38190,102.3286,0,2024-04-17 21:31:17.693
38180,0.5238,0,2024-04-17 21:31:17.693
38170,2.0719,0,2024-04-17 21:31:17.693
38160,1.0297,0,2024-04-17 21:31:17.693
38150,217.8513,0,2024-04-17 21:31:17.693
38260,30.12,1,2024-04-17 21:31:17.693
38270,27.4801,1,2024-04-17 21:31:17.693
38280,31.104,1,2024-04-17 21:31:17.693
38290,27.4801,1,2024-04-17 21:31:17.693
38300,29.28,1,2024-04-17 21:31:17.693
38190,257.3286,0,2024-04-17 21:31:22.943
38180,150.5238,0,2024-04-17 21:31:22.943
38170,2.0719,0,2024-04-17 21:31:22.943
38160,1.0297,0,2024-04-17 21:31:22.943
38150,120.8513,0,2024-04-17 21:31:22.943
38270,51,1,2024-04-17 21:31:22.943
38280,31.104,1,2024-04-17 21:31:22.943
38290,281.4801,1,2024-04-17 21:31:22.943
38300,133.28,1,2024-04-17 21:31:22.943
38310,27.4801,1,2024-04-17 21:31:22.943
38190,257.3286,0,2024-04-17 21:31:28.068
38180,189.0171,0,2024-04-17 21:31:28.068
38170,2.0719,0,2024-04-17 21:31:28.068
38160,30.7657,0,2024-04-17 21:31:28.068
38150,150.5153,0,2024-04-17 21:31:28.068
38300,29.28,1,2024-04-17 21:31:28.068
38310,57.7201,1,2024-04-17 21:31:28.068
38320,527.4801,1,2024-04-17 21:31:28.068
38330,27.4801,1,2024-04-17 21:31:28.068
38360,155,1,2024-04-17 21:31:28.068
38220,155,0,2024-04-17 21:31:33.167
38200,150,0,2024-04-17 21:31:33.167
38190,52.3286,0,2024-04-17 21:31:33.167
38180,104.5238,0,2024-04-17 21:31:33.167
38170,2.0719,0,2024-04-17 21:31:33.167
38300,29.28,1,2024-04-17 21:31:33.167
38310,108.7201,1,2024-04-17 21:31:33.167
38320,527.4801,1,2024-04-17 21:31:33.167
38330,131.4801,1,2024-04-17 21:31:33.167
38340,672.056,1,2024-04-17 21:31:33.167
38220,104,0,2024-04-17 21:31:38.281
38190,129.5066,0,2024-04-17 21:31:38.281
38180,150.5238,0,2024-04-17 21:31:38.281
38170,2.0719,0,2024-04-17 21:31:38.281
38160,105.0297,0,2024-04-17 21:31:38.281
38250,3.6998,1,2024-04-17 21:31:38.281
38280,29.712,1,2024-04-17 21:31:38.281
38290,27.4801,1,2024-04-17 21:31:38.281
38300,29.28,1,2024-04-17 21:31:38.281
38310,108.7201,1,2024-04-17 21:31:38.281
38200,104,0,2024-04-17 21:31:44.065
38190,79.5066,0,2024-04-17 21:31:44.065
38180,0.5238,0,2024-04-17 21:31:44.065
38170,53.0719,0,2024-04-17 21:31:44.065
38160,1.0297,0,2024-04-17 21:31:44.065
38250,11.6768,1,2024-04-17 21:31:44.065
38280,29.712,1,2024-04-17 21:31:44.065
38290,27.4801,1,2024-04-17 21:31:44.065
38300,29.28,1,2024-04-17 21:31:44.065
38310,57.7201,1,2024-04-17 21:31:44.065
38220,51,0,2024-04-17 21:31:49.817
38200,418.9578,0,2024-04-17 21:31:49.817
38190,204.3286,0,2024-04-17 21:31:49.817
38180,104.5238,0,2024-04-17 21:31:49.817
38170,2.0719,0,2024-04-17 21:31:49.817
38300,29.28,1,2024-04-17 21:31:49.817
38310,108.7201,1,2024-04-17 21:31:49.817
38320,527.4801,1,2024-04-17 21:31:49.817
38330,235.4801,1,2024-04-17 21:31:49.817
38340,671.92,1,2024-04-17 21:31:49.817
38230,26.1643,0,2024-04-17 21:31:55.561
38220,51,0,2024-04-17 21:31:55.561
38200,314.2183,0,2024-04-17 21:31:55.561
38190,178.1437,0,2024-04-17 21:31:55.561
38180,135.6758,0,2024-04-17 21:31:55.561
38310,78.4801,1,2024-04-17 21:31:55.561
38320,527.4801,1,2024-04-17 21:31:55.561
38330,266.6321,1,2024-04-17 21:31:55.561
38340,671.92,1,2024-04-17 21:31:55.561
38350,30,1,2024-04-17 21:31:55.561
38230,51,0,2024-04-17 21:32:01.040
38220,104,0,2024-04-17 21:32:01.040
38190,178.1437,0,2024-04-17 21:32:01.040
38180,135.6758,0,2024-04-17 21:32:01.040
38170,106.0719,0,2024-04-17 21:32:01.040
38280,51,1,2024-04-17 21:32:01.040
38290,104,1,2024-04-17 21:32:01.040
38300,27.4801,1,2024-04-17 21:32:01.040
38310,177.4801,1,2024-04-17 21:32:01.040
38320,557.9601,1,2024-04-17 21:32:01.040
38230,51,0,2024-04-17 21:32:06.170
38220,104,0,2024-04-17 21:32:06.170
38190,178.1437,0,2024-04-17 21:32:06.170
38180,135.6758,0,2024-04-17 21:32:06.170
38170,106.0719,0,2024-04-17 21:32:06.170
38280,51,1,2024-04-17 21:32:06.170
38290,104,1,2024-04-17 21:32:06.170
38300,27.4801,1,2024-04-17 21:32:06.170
38310,177.4801,1,2024-04-17 21:32:06.170
38320,557.9601,1,2024-04-17 21:32:06.170
38230,51,0,2024-04-17 21:32:11.393
38220,104,0,2024-04-17 21:32:11.393
38210,173.789,0,2024-04-17 21:32:11.393
38190,178.1437,0,2024-04-17 21:32:11.393
38180,135.6758,0,2024-04-17 21:32:11.393
38280,51,1,2024-04-17 21:32:11.393
38290,104,1,2024-04-17 21:32:11.393
38300,27.4801,1,2024-04-17 21:32:11.393
38310,177.4801,1,2024-04-17 21:32:11.393
38320,557.9601,1,2024-04-17 21:32:11.393
38200,50,0,2024-04-17 21:32:16.506
38190,152.3257,0,2024-04-17 21:32:16.506
38180,0.5238,0,2024-04-17 21:32:16.506
38170,152.0719,0,2024-04-17 21:32:16.506
38160,105.0297,0,2024-04-17 21:32:16.506
38280,155,1,2024-04-17 21:32:16.506
38300,57.4081,1,2024-04-17 21:32:16.506
38310,312.4881,1,2024-04-17 21:32:16.506
38320,557.9601,1,2024-04-17 21:32:16.506
38330,58.6321,1,2024-04-17 21:32:16.506
38200,50,0,2024-04-17 21:32:21.641
38190,79.1437,0,2024-04-17 21:32:21.641
38180,104.5238,0,2024-04-17 21:32:21.641
38170,152.0719,0,2024-04-17 21:32:21.641
38160,105.0297,0,2024-04-17 21:32:21.641
38260,290.8911,1,2024-04-17 21:32:21.641
38270,78.4801,1,2024-04-17 21:32:21.641
38280,131.4801,1,2024-04-17 21:32:21.641
38290,180.12,1,2024-04-17 21:32:21.641
38300,57.4081,1,2024-04-17 21:32:21.641
38200,101,0,2024-04-17 21:32:26.740
38190,132.1437,0,2024-04-17 21:32:26.740
38180,0.5238,0,2024-04-17 21:32:26.740
38170,152.0719,0,2024-04-17 21:32:26.740
38160,136.1337,0,2024-04-17 21:32:26.740
38260,445.0533,1,2024-04-17 21:32:26.740
38280,27.4801,1,2024-04-17 21:32:26.740
38290,150,1,2024-04-17 21:32:26.740
38300,57.4081,1,2024-04-17 21:32:26.740
38310,266.4881,1,2024-04-17 21:32:26.740
38210,155,0,2024-04-17 21:32:32.044
38190,178.1437,0,2024-04-17 21:32:32.044
38180,134.7158,0,2024-04-17 21:32:32.044
38170,31.8799,0,2024-04-17 21:32:32.044
38160,32.1337,0,2024-04-17 21:32:32.044
38260,290.0533,1,2024-04-17 21:32:32.044
38270,51,1,2024-04-17 21:32:32.044
38280,104,1,2024-04-17 21:32:32.044
38290,150,1,2024-04-17 21:32:32.044
38300,27.4801,1,2024-04-17 21:32:32.044
38210,155,0,2024-04-17 21:32:37.163
38190,178.1437,0,2024-04-17 21:32:37.163
38180,104.5238,0,2024-04-17 21:32:37.163
38170,31.8799,0,2024-04-17 21:32:37.163
38160,32.1337,0,2024-04-17 21:32:37.163
38260,290.0533,1,2024-04-17 21:32:37.163
38270,51,1,2024-04-17 21:32:37.163
38280,131.4801,1,2024-04-17 21:32:37.163
38290,150,1,2024-04-17 21:32:37.163
38300,57.1441,1,2024-04-17 21:32:37.163
38210,155,0,2024-04-17 21:32:42.265
38190,178.1437,0,2024-04-17 21:32:42.265
38180,104.5238,0,2024-04-17 21:32:42.265
38170,31.8799,0,2024-04-17 21:32:42.265
38160,32.1337,0,2024-04-17 21:32:42.265
38260,290.0533,1,2024-04-17 21:32:42.265
38270,51,1,2024-04-17 21:32:42.265
38280,131.4801,1,2024-04-17 21:32:42.265
38290,150,1,2024-04-17 21:32:42.265
38300,57.1441,1,2024-04-17 21:32:42.265
38190,132.1437,0,2024-04-17 21:32:47.369
38180,104.5238,0,2024-04-17 21:32:47.369
38170,181.8799,0,2024-04-17 21:32:47.369
38160,32.1337,0,2024-04-17 21:32:47.369
38150,45.6753,0,2024-04-17 21:32:47.369
38250,53.486,1,2024-04-17 21:32:47.369
38260,394.0533,1,2024-04-17 21:32:47.369
38280,27.4801,1,2024-04-17 21:32:47.369
38290,254,1,2024-04-17 21:32:47.369
38300,57.1441,1,2024-04-17 21:32:47.369
38200,101,0,2024-04-17 21:32:52.524
38190,132.1437,0,2024-04-17 21:32:52.524
38180,351.7428,0,2024-04-17 21:32:52.524
38170,181.8799,0,2024-04-17 21:32:52.524
38160,32.1337,0,2024-04-17 21:32:52.524
38250,53.486,1,2024-04-17 21:32:52.524
38260,394.0533,1,2024-04-17 21:32:52.524
38280,27.4801,1,2024-04-17 21:32:52.524
38290,254,1,2024-04-17 21:32:52.524
38300,57.1441,1,2024-04-17 21:32:52.524
38200,205,0,2024-04-17 21:32:57.766
38190,28.1437,0,2024-04-17 21:32:57.766
38180,104.5238,0,2024-04-17 21:32:57.766
38170,181.8799,0,2024-04-17 21:32:57.766
38160,32.1337,0,2024-04-17 21:32:57.766
38250,3.0089,1,2024-04-17 21:32:57.766
38260,445.0533,1,2024-04-17 21:32:57.766
38280,27.4801,1,2024-04-17 21:32:57.766
38290,254,1,2024-04-17 21:32:57.766
38300,57.1441,1,2024-04-17 21:32:57.766
38200,101,0,2024-04-17 21:33:02.897
38190,28.1437,0,2024-04-17 21:33:02.897
38180,104.5238,0,2024-04-17 21:33:02.897
38170,181.8799,0,2024-04-17 21:33:02.897
38160,32.1337,0,2024-04-17 21:33:02.897
38250,3.0089,1,2024-04-17 21:33:02.897
38260,445.0533,1,2024-04-17 21:33:02.897
38280,27.4801,1,2024-04-17 21:33:02.897
38290,254,1,2024-04-17 21:33:02.897
38300,57.1441,1,2024-04-17 21:33:02.897
38200,98.3944,0,2024-04-17 21:33:08.060
38190,276.7367,0,2024-04-17 21:33:08.060
38180,104.5238,0,2024-04-17 21:33:08.060
38170,181.8799,0,2024-04-17 21:33:08.060
38160,32.1337,0,2024-04-17 21:33:08.060
38250,3.0089,1,2024-04-17 21:33:08.060
38260,341.0533,1,2024-04-17 21:33:08.060
38280,27.4801,1,2024-04-17 21:33:08.060
38290,254,1,2024-04-17 21:33:08.060
38300,57.1441,1,2024-04-17 21:33:08.060
38200,2.3944,0,2024-04-17 21:33:13.182
38190,276.7367,0,2024-04-17 21:33:13.182
38180,30.4518,0,2024-04-17 21:33:13.182
38170,285.8799,0,2024-04-17 21:33:13.182
38160,32.1337,0,2024-04-17 21:33:13.182
38250,54.0089,1,2024-04-17 21:33:13.182
38260,394.0533,1,2024-04-17 21:33:13.182
38280,27.4801,1,2024-04-17 21:33:13.182
38290,254,1,2024-04-17 21:33:13.182
38300,57.1441,1,2024-04-17 21:33:13.182
38190,276.7367,0,2024-04-17 21:33:18.558
38180,134.4518,0,2024-04-17 21:33:18.558
38170,285.8799,0,2024-04-17 21:33:18.558
38160,32.1337,0,2024-04-17 21:33:18.558
38150,45.6753,0,2024-04-17 21:33:18.558
38250,54.0089,1,2024-04-17 21:33:18.558
38260,394.0533,1,2024-04-17 21:33:18.558
38280,27.4801,1,2024-04-17 21:33:18.558
38290,254,1,2024-04-17 21:33:18.558
38300,57.1441,1,2024-04-17 21:33:18.558
38190,380.7367,0,2024-04-17 21:33:23.864
38180,30.4518,0,2024-04-17 21:33:23.864
38170,285.8799,0,2024-04-17 21:33:23.864
38160,32.1337,0,2024-04-17 21:33:23.864
38150,45.6753,0,2024-04-17 21:33:23.864
38250,54.0089,1,2024-04-17 21:33:23.864
38260,394.0533,1,2024-04-17 21:33:23.864
38280,27.4801,1,2024-04-17 21:33:23.864
38290,254,1,2024-04-17 21:33:23.864
38300,57.1441,1,2024-04-17 21:33:23.864
38200,13.089,0,2024-04-17 21:33:29.106
38190,132.1437,0,2024-04-17 21:33:29.106
38180,30.4518,0,2024-04-17 21:33:29.106
38170,285.8799,0,2024-04-17 21:33:29.106
38160,32.1337,0,2024-04-17 21:33:29.106
38250,54.0089,1,2024-04-17 21:33:29.106
38260,394.0533,1,2024-04-17 21:33:29.106
38280,27.4801,1,2024-04-17 21:33:29.106
38290,254,1,2024-04-17 21:33:29.106
38300,57.1441,1,2024-04-17 21:33:29.106
38200,13.089,0,2024-04-17 21:33:34.229
38190,132.1437,0,2024-04-17 21:33:34.229
38180,278.0698,0,2024-04-17 21:33:34.229
38170,285.8799,0,2024-04-17 21:33:34.229
38160,32.1337,0,2024-04-17 21:33:34.229
38250,54.0089,1,2024-04-17 21:33:34.229
38260,394.0533,1,2024-04-17 21:33:34.229
38280,27.4801,1,2024-04-17 21:33:34.229
38290,254,1,2024-04-17 21:33:34.229
38300,57.1441,1,2024-04-17 21:33:34.229
38200,13.089,0,2024-04-17 21:33:39.337
38190,379.6557,0,2024-04-17 21:33:39.337
38180,30.4518,0,2024-04-17 21:33:39.337
38170,285.8799,0,2024-04-17 21:33:39.337
38160,32.1337,0,2024-04-17 21:33:39.337
38250,54.0089,1,2024-04-17 21:33:39.337
38260,394.0533,1,2024-04-17 21:33:39.337
38280,27.4801,1,2024-04-17 21:33:39.337
38290,254,1,2024-04-17 21:33:39.337
38300,57.1441,1,2024-04-17 21:33:39.337
38200,13.089,0,2024-04-17 21:33:44.635
38190,132.1437,0,2024-04-17 21:33:44.635
38180,30.4518,0,2024-04-17 21:33:44.635
38170,285.8799,0,2024-04-17 21:33:44.635
38160,32.1337,0,2024-04-17 21:33:44.635
38250,54.0089,1,2024-04-17 21:33:44.635
38260,394.0533,1,2024-04-17 21:33:44.635
38280,27.4801,1,2024-04-17 21:33:44.635
38290,254,1,2024-04-17 21:33:44.635
38300,57.1441,1,2024-04-17 21:33:44.635
38200,13.089,0,2024-04-17 21:33:49.994
38190,257.3617,0,2024-04-17 21:33:49.994
38180,30.4518,0,2024-04-17 21:33:49.994
38170,285.8799,0,2024-04-17 21:33:49.994
38160,32.1337,0,2024-04-17 21:33:49.994
38250,46.1658,1,2024-04-17 21:33:49.994
38260,394.0533,1,2024-04-17 21:33:49.994
38280,27.4801,1,2024-04-17 21:33:49.994
38290,254,1,2024-04-17 21:33:49.994
38300,57.1441,1,2024-04-17 21:33:49.994
38200,10.4753,0,2024-04-17 21:33:55.146
38190,132.1437,0,2024-04-17 21:33:55.146
38180,237.2318,0,2024-04-17 21:33:55.146
38170,285.8799,0,2024-04-17 21:33:55.146
38160,32.1337,0,2024-04-17 21:33:55.146
38250,46.1658,1,2024-04-17 21:33:55.146
38260,394.0533,1,2024-04-17 21:33:55.146
38280,27.4801,1,2024-04-17 21:33:55.146
38290,254,1,2024-04-17 21:33:55.146
38300,57.1441,1,2024-04-17 21:33:55.146
38200,10.4753,0,2024-04-17 21:34:01.282
38190,132.1437,0,2024-04-17 21:34:01.282
38180,0.5238,0,2024-04-17 21:34:01.282
38170,390.7149,0,2024-04-17 21:34:01.282
38160,32.1337,0,2024-04-17 21:34:01.282
38250,46.1658,1,2024-04-17 21:34:01.282
38260,394.0533,1,2024-04-17 21:34:01.282
38270,150,1,2024-04-17 21:34:01.282
38280,27.4801,1,2024-04-17 21:34:01.282
38290,104,1,2024-04-17 21:34:01.282
38200,10.4753,0,2024-04-17 21:34:06.402
38190,2,0,2024-04-17 21:34:06.402
38180,0.5238,0,2024-04-17 21:34:06.402
38170,2.0719,0,2024-04-17 21:34:06.402
38160,105.0297,0,2024-04-17 21:34:06.402
38230,51,1,2024-04-17 21:34:06.402
38240,104,1,2024-04-17 21:34:06.402
38250,150,1,2024-04-17 21:34:06.402
38260,421.5334,1,2024-04-17 21:34:06.402
38280,161.9361,1,2024-04-17 21:34:06.402
38200,10.4753,0,2024-04-17 21:34:11.738
38190,2,0,2024-04-17 21:34:11.738
38180,0.5238,0,2024-04-17 21:34:11.738
38170,28.2499,0,2024-04-17 21:34:11.738
38160,156.0297,0,2024-04-17 21:34:11.738
38220,155,1,2024-04-17 21:34:11.738
38240,27.4801,1,2024-04-17 21:34:11.738
38250,150,1,2024-04-17 21:34:11.738
38260,451.5574,1,2024-04-17 21:34:11.738
38270,29.928,1,2024-04-17 21:34:11.738
38190,2,0,2024-04-17 21:34:16.818
38180,0.5238,0,2024-04-17 21:34:16.818
38170,28.2499,0,2024-04-17 21:34:16.818
38160,52.0297,0,2024-04-17 21:34:16.818
38150,368.7323,0,2024-04-17 21:34:16.818
38200,189.5246,1,2024-04-17 21:34:16.818
38210,51,1,2024-04-17 21:34:16.818
38220,104,1,2024-04-17 21:34:16.818
38230,150,1,2024-04-17 21:34:16.818
38240,27.4801,1,2024-04-17 21:34:16.818
38190,2,0,2024-04-17 21:34:21.905
38180,0.5238,0,2024-04-17 21:34:21.905
38170,2.0719,0,2024-04-17 21:34:21.905
38160,156.0297,0,2024-04-17 21:34:21.905
38150,43.0362,0,2024-04-17 21:34:21.905
38200,153.9946,1,2024-04-17 21:34:21.905
38220,155,1,2024-04-17 21:34:21.905
38230,27.4801,1,2024-04-17 21:34:21.905
38240,27.4801,1,2024-04-17 21:34:21.905
38250,180.36,1,2024-04-17 21:34:21.905
38190,2,0,2024-04-17 21:34:27.005
38180,0.5238,0,2024-04-17 21:34:27.005
38170,2.0719,0,2024-04-17 21:34:27.005
38160,156.0297,0,2024-04-17 21:34:27.005
38150,43.0362,0,2024-04-17 21:34:27.005
38200,153.9946,1,2024-04-17 21:34:27.005
38220,51,1,2024-04-17 21:34:27.005
38230,27.4801,1,2024-04-17 21:34:27.005
38240,27.4801,1,2024-04-17 21:34:27.005
38250,180.36,1,2024-04-17 21:34:27.005
38190,2,0,2024-04-17 21:34:32.808
38180,0.5238,0,2024-04-17 21:34:32.808
38170,2.0719,0,2024-04-17 21:34:32.808
38160,52.0297,0,2024-04-17 21:34:32.808
38150,420.992,0,2024-04-17 21:34:32.808
38200,153.9946,1,2024-04-17 21:34:32.808
38220,51,1,2024-04-17 21:34:32.808
38230,131.4801,1,2024-04-17 21:34:32.808
38240,27.4801,1,2024-04-17 21:34:32.808
38250,180.36,1,2024-04-17 21:34:32.808
38190,2,0,2024-04-17 21:34:38.664
38180,0.5238,0,2024-04-17 21:34:38.664
38170,2.0719,0,2024-04-17 21:34:38.664
38160,52.0297,0,2024-04-17 21:34:38.664
38150,420.992,0,2024-04-17 21:34:38.664
38200,153.9946,1,2024-04-17 21:34:38.664
38220,51,1,2024-04-17 21:34:38.664
