price,quantity,type,timestamp
93962000,0.0399,0,2024-04-17 18:54:29.191
93961000,0.0026,0,2024-04-17 18:54:29.191
93960000,0.0003,0,2024-04-17 18:54:29.191
93957000,0.001,0,2024-04-17 18:54:29.191
93956000,0.0001,0,2024-04-17 18:54:29.191
93963000,0.0548,1,2024-04-17 18:54:29.191
93968000,0.0493,1,2024-04-17 18:54:29.191
93994000,0.0053,1,2024-04-17 18:54:29.191
94001000,0.0001,1,2024-04-17 18:54:29.191
94003000,0.0399,1,2024-04-17 18:54:29.191
93962000,0.0931,0,2024-04-17 18:54:34.323
93961000,0.0026,0,2024-04-17 18:54:34.323
93960000,0.0003,0,2024-04-17 18:54:34.323
93957000,0.001,0,2024-04-17 18:54:34.323
93956000,0.0001,0,2024-04-17 18:54:34.323
93963000,0.0519,1,2024-04-17 18:54:34.323
93968000,0.0493,1,2024-04-17 18:54:34.323
93994000,0.0053,1,2024-04-17 18:54:34.323
94001000,0.0001,1,2024-04-17 18:54:34.323
94003000,0.0399,1,2024-04-17 18:54:34.323
93962000,0.0931,0,2024-04-17 18:54:39.484
93961000,0.0026,0,2024-04-17 18:54:39.484
93960000,0.0003,0,2024-04-17 18:54:39.484
93957000,0.001,0,2024-04-17 18:54:39.484
93956000,0.0001,0,2024-04-17 18:54:39.484
93963000,0.0503,1,2024-04-17 18:54:39.484
93968000,0.0493,1,2024-04-17 18:54:39.484
93994000,0.0053,1,2024-04-17 18:54:39.484
94001000,0.0001,1,2024-04-17 18:54:39.484
94003000,0.0399,1,2024-04-17 18:54:39.484
93535000,0.0235,0,2024-04-17 21:12:54.995
93534000,0,0,2024-04-17 21:12:54.995
93530000,0.0641,0,2024-04-17 21:12:54.995
93529000,0.0118,0,2024-04-17 21:12:54.995
93525000,0.0034,0,2024-04-17 21:12:54.995
93537000,0.0145,1,2024-04-17 21:12:54.995
93549000,0.0104,1,2024-04-17 21:12:54.995
93552000,0.0332,1,2024-04-17 21:12:54.995
93553000,0.016,1,2024-04-17 21:12:54.995
93554000,0.0306,1,2024-04-17 21:12:54.995
93478000,0.037,0,2024-04-17 21:13:00.094
93476000,0.0008,0,2024-04-17 21:13:00.094
93475000,0.001,0,2024-04-17 21:13:00.094
93471000,0.0001,0,2024-04-17 21:13:00.094
93470000,0.0003,0,2024-04-17 21:13:00.094
93487000,0.0007,1,2024-04-17 21:13:00.094
93496000,0.0072,1,2024-04-17 21:13:00.094
93497000,0.0606,1,2024-04-17 21:13:00.094
93498000,0.0695,1,2024-04-17 21:13:00.094
93500000,0.0164,1,2024-04-17 21:13:00.094
93461000,0.004,0,2024-04-17 21:13:05.448
93460000,0.0196,0,2024-04-17 21:13:05.448
93456000,0.0551,0,2024-04-17 21:13:05.448
93455000,0.0024,0,2024-04-17 21:13:05.448
93454000,0.0119,0,2024-04-17 21:13:05.448
93462000,0.0767,1,2024-04-17 21:13:05.448
93470000,0.0077,1,2024-04-17 21:13:05.448
93478000,0.0058,1,2024-04-17 21:13:05.448
93483000,0.0002,1,2024-04-17 21:13:05.448
93485000,0.0026,1,2024-04-17 21:13:05.448
93460000,0.0196,0,2024-04-17 21:13:10.724
93458000,0.0292,0,2024-04-17 21:13:10.724
93457000,0.0256,0,2024-04-17 21:13:10.724
93456000,0.0551,0,2024-04-17 21:13:10.724
93455000,0.0024,0,2024-04-17 21:13:10.724
93461000,0.564,1,2024-04-17 21:13:10.724
93462000,0.0635,1,2024-04-17 21:13:10.724
93483000,0.0002,1,2024-04-17 21:13:10.724
93504000,0.0551,1,2024-04-17 21:13:10.724
93517000,0.0631,1,2024-04-17 21:13:10.724
93460000,0.0196,0,2024-04-17 21:13:15.839
93459000,0.021,0,2024-04-17 21:13:15.839
93457000,0.0661,0,2024-04-17 21:13:15.839
93456000,0.0673,0,2024-04-17 21:13:15.839
93455000,0.0124,0,2024-04-17 21:13:15.839
93461000,0.3345,1,2024-04-17 21:13:15.839
93483000,0.0002,1,2024-04-17 21:13:15.839
93518000,0.0535,1,2024-04-17 21:13:15.839
93532000,0.0002,1,2024-04-17 21:13:15.839
93536000,0.0172,1,2024-04-17 21:13:15.839
93489000,0.0001,0,2024-04-17 21:13:20.971
93486000,0.0601,0,2024-04-17 21:13:20.971
93464000,0.1121,0,2024-04-17 21:13:20.971
93463000,0.9,0,2024-04-17 21:13:20.971
93461000,0.0586,0,2024-04-17 21:13:20.971
93532000,0.0002,1,2024-04-17 21:13:20.971
93550000,0.0506,1,2024-04-17 21:13:20.971
93554000,0.0253,1,2024-04-17 21:13:20.971
93555000,0.0089,1,2024-04-17 21:13:20.971
93557000,0.0174,1,2024-04-17 21:13:20.971
93463000,0.0002,0,2024-04-17 21:13:26.077
93460000,0.0296,0,2024-04-17 21:13:26.077
93459000,0.0106,0,2024-04-17 21:13:26.077
93457000,0.01,0,2024-04-17 21:13:26.077
93456000,0.0551,0,2024-04-17 21:13:26.077
93464000,0.0001,1,2024-04-17 21:13:26.077
93491000,0.0001,1,2024-04-17 21:13:26.077
93499000,0.0174,1,2024-04-17 21:13:26.077
93501000,0.0001,1,2024-04-17 21:13:26.077
93507000,0.0687,1,2024-04-17 21:13:26.077
93454000,0.008,0,2024-04-17 21:13:31.186
93450000,0.0059,0,2024-04-17 21:13:31.186
93440000,0.0003,0,2024-04-17 21:13:31.186
93437000,0.0469,0,2024-04-17 21:13:31.186
93434000,0.0027,0,2024-04-17 21:13:31.186
93461000,0,1,2024-04-17 21:13:31.186
93465000,0.0263,1,2024-04-17 21:13:31.186
93467000,0.0673,1,2024-04-17 21:13:31.186
93470000,0.0241,1,2024-04-17 21:13:31.186
93474000,0.0506,1,2024-04-17 21:13:31.186
93420000,0.0522,0,2024-04-17 21:13:36.277
93417000,0,0,2024-04-17 21:13:36.277
93407000,0.0008,0,2024-04-17 21:13:36.277
93404000,0.0015,0,2024-04-17 21:13:36.277
93403000,0.0013,0,2024-04-17 21:13:36.277
93433000,0.1176,1,2024-04-17 21:13:36.277
93434000,0.0462,1,2024-04-17 21:13:36.277
93435000,0.0023,1,2024-04-17 21:13:36.277
93436000,0.0682,1,2024-04-17 21:13:36.277
93438000,0.02,1,2024-04-17 21:13:36.277
93420000,0.0409,0,2024-04-17 21:13:41.359
93417000,0,0,2024-04-17 21:13:41.359
93407000,0.0008,0,2024-04-17 21:13:41.359
93404000,0.0195,0,2024-04-17 21:13:41.359
93403000,0.0013,0,2024-04-17 21:13:41.359
93454000,0.0409,1,2024-04-17 21:13:41.359
93455000,0.0481,1,2024-04-17 21:13:41.359
93456000,0.0225,1,2024-04-17 21:13:41.359
93457000,0.024,1,2024-04-17 21:13:41.359
93458000,0.0626,1,2024-04-17 21:13:41.359
93421000,0.0273,0,2024-04-17 21:13:46.442
93420000,0.0103,0,2024-04-17 21:13:46.442
93417000,0,0,2024-04-17 21:13:46.442
93409000,0.003,0,2024-04-17 21:13:46.442
93408000,0.0292,0,2024-04-17 21:13:46.442
93455000,0.0481,1,2024-04-17 21:13:46.442
93476000,0.0647,1,2024-04-17 21:13:46.442
93480000,0.0225,1,2024-04-17 21:13:46.442
93481000,0.049,1,2024-04-17 21:13:46.442
93482000,0.0626,1,2024-04-17 21:13:46.442
93421000,0.0273,0,2024-04-17 21:13:51.528
93420000,0.0103,0,2024-04-17 21:13:51.528
93417000,0,0,2024-04-17 21:13:51.528
93413000,0.0002,0,2024-04-17 21:13:51.528
93407000,0.0008,0,2024-04-17 21:13:51.528
93454000,0.0229,1,2024-04-17 21:13:51.528
93455000,0.0601,1,2024-04-17 21:13:51.528
93476000,0.0647,1,2024-04-17 21:13:51.528
93477000,0.0225,1,2024-04-17 21:13:51.528
93478000,0.0462,1,2024-04-17 21:13:51.528
93454000,0.0001,0,2024-04-17 21:13:56.608
93437000,0.003,0,2024-04-17 21:13:56.608
93435000,0.0394,0,2024-04-17 21:13:56.608
93432000,0.0159,0,2024-04-17 21:13:56.608
93431000,0.0239,0,2024-04-17 21:13:56.608
93455000,0.0419,1,2024-04-17 21:13:56.608
93481000,0.025,1,2024-04-17 21:13:56.608
93484000,0.0002,1,2024-04-17 21:13:56.608
93508000,0.0204,1,2024-04-17 21:13:56.608
93509000,0.0462,1,2024-04-17 21:13:56.608
93476000,0.0201,0,2024-04-17 21:14:01.709
93437000,0.0023,0,2024-04-17 21:14:01.709
93435000,0.0394,0,2024-04-17 21:14:01.709
93432000,0.0198,0,2024-04-17 21:14:01.709
93431000,0.024,0,2024-04-17 21:14:01.709
93481000,0.025,1,2024-04-17 21:14:01.709
93484000,0.0002,1,2024-04-17 21:14:01.709
93492000,0.0394,1,2024-04-17 21:14:01.709
93503000,0.0592,1,2024-04-17 21:14:01.709
93508000,0.0231,1,2024-04-17 21:14:01.709
93476000,0.0001,0,2024-04-17 21:14:06.800
93461000,0.0002,0,2024-04-17 21:14:06.800
93437000,0.0016,0,2024-04-17 21:14:06.800
93434000,0.0024,0,2024-04-17 21:14:06.800
93433000,0.0102,0,2024-04-17 21:14:06.800
93481000,0.024,1,2024-04-17 21:14:06.800
93484000,0.0002,1,2024-04-17 21:14:06.800
93502000,0.0462,1,2024-04-17 21:14:06.800
93503000,0.0615,1,2024-04-17 21:14:06.800
93504000,0.0401,1,2024-04-17 21:14:06.800
93461000,0.0002,0,2024-04-17 21:14:11.908
93454000,0.013,0,2024-04-17 21:14:11.908
93440000,0.0024,0,2024-04-17 21:14:11.908
93439000,0.0102,0,2024-04-17 21:14:11.908
93438000,0.0334,0,2024-04-17 21:14:11.908
93476000,0.0371,1,2024-04-17 21:14:11.908
93481000,0.024,1,2024-04-17 21:14:11.908
93484000,0.0002,1,2024-04-17 21:14:11.908
93498000,0.1067,1,2024-04-17 21:14:11.908
93507000,0.0244,1,2024-04-17 21:14:11.908
93481000,0.0006,0,2024-04-17 21:14:17.025
93454000,0.0003,0,2024-04-17 21:14:17.025
93438000,0.0236,0,2024-04-17 21:14:17.025
93437000,0.0016,0,2024-04-17 21:14:17.025
93433000,0.0206,0,2024-04-17 21:14:17.025
93484000,0.0002,1,2024-04-17 21:14:17.025
93497000,0.0625,1,2024-04-17 21:14:17.025
93498000,0.0263,1,2024-04-17 21:14:17.025
93499000,0.0401,1,2024-04-17 21:14:17.025
93500000,0.021,1,2024-04-17 21:14:17.025
93454000,0,0,2024-04-17 21:14:22.112
93438000,0.0236,0,2024-04-17 21:14:22.112
93437000,0.0122,0,2024-04-17 21:14:22.112
93432000,0.0102,0,2024-04-17 21:14:22.112
93421000,0.0239,0,2024-04-17 21:14:22.112
93479000,0.0235,1,2024-04-17 21:14:22.112
93481000,0.0401,1,2024-04-17 21:14:22.112
93485000,0.0362,1,2024-04-17 21:14:22.112
93487000,0.0488,1,2024-04-17 21:14:22.112
93488000,0.0482,1,2024-04-17 21:14:22.112
93454000,0.0053,0,2024-04-17 21:14:27.220
93438000,0.0236,0,2024-04-17 21:14:27.220
93437000,0.0122,0,2024-04-17 21:14:27.220
93432000,0.0102,0,2024-04-17 21:14:27.220
93421000,0.0024,0,2024-04-17 21:14:27.220
93478000,0.0339,1,2024-04-17 21:14:27.220
93479000,0.0235,1,2024-04-17 21:14:27.220
93481000,0.0401,1,2024-04-17 21:14:27.220
93482000,0.021,1,2024-04-17 21:14:27.220
93484000,0.0021,1,2024-04-17 21:14:27.220
93478000,0.0354,0,2024-04-17 21:14:32.317
93476000,0.0027,0,2024-04-17 21:14:32.317
93454000,0.0055,0,2024-04-17 21:14:32.317
93438000,0.0236,0,2024-04-17 21:14:32.317
93437000,0.0122,0,2024-04-17 21:14:32.317
93479000,0.0534,1,2024-04-17 21:14:32.317
93481000,0.0401,1,2024-04-17 21:14:32.317
93482000,0.021,1,2024-04-17 21:14:32.317
93484000,0.0363,1,2024-04-17 21:14:32.317
93485000,0.5385,1,2024-04-17 21:14:32.317
93478000,0.0376,0,2024-04-17 21:14:37.415
93476000,0.0026,0,2024-04-17 21:14:37.415
93454000,0.0053,0,2024-04-17 21:14:37.415
93438000,0.0236,0,2024-04-17 21:14:37.415
93437000,0.0122,0,2024-04-17 21:14:37.415
93479000,0.0193,1,2024-04-17 21:14:37.415
93481000,0.0401,1,2024-04-17 21:14:37.415
93482000,0.021,1,2024-04-17 21:14:37.415
93484000,0.0021,1,2024-04-17 21:14:37.415
93485000,0.5385,1,2024-04-17 21:14:37.415
93480000,0.0206,0,2024-04-17 21:14:42.526
93479000,0.0176,0,2024-04-17 21:14:42.526
93478000,0.0033,0,2024-04-17 21:14:42.526
93476000,0.0026,0,2024-04-17 21:14:42.526
93454000,0.0054,0,2024-04-17 21:14:42.526
93481000,0.0315,1,2024-04-17 21:14:42.526
93482000,0.021,1,2024-04-17 21:14:42.526
93484000,0.0021,1,2024-04-17 21:14:42.526
93485000,0.5385,1,2024-04-17 21:14:42.526
93487000,0.0488,1,2024-04-17 21:14:42.526
93416000,0.0001,0,2024-04-17 21:14:47.606
93410000,0.0596,0,2024-04-17 21:14:47.606
93407000,0.0044,0,2024-04-17 21:14:47.606
93405000,0.0001,0,2024-04-17 21:14:47.606
93404000,0.0195,0,2024-04-17 21:14:47.606
93472000,0.0309,1,2024-04-17 21:14:47.606
93474000,0.0021,1,2024-04-17 21:14:47.606
93475000,0.0362,1,2024-04-17 21:14:47.606
93477000,0.1424,1,2024-04-17 21:14:47.606
93478000,0.0201,1,2024-04-17 21:14:47.606
93416000,0.0001,0,2024-04-17 21:14:52.723
93407000,0.0044,0,2024-04-17 21:14:52.723
93404000,0.0195,0,2024-04-17 21:14:52.723
93403000,0.0013,0,2024-04-17 21:14:52.723
93402000,0.0004,0,2024-04-17 21:14:52.723
93420000,0.0272,1,2024-04-17 21:14:52.723
93421000,0.0208,1,2024-04-17 21:14:52.723
93422000,0.0099,1,2024-04-17 21:14:52.723
93424000,0.0383,1,2024-04-17 21:14:52.723
93426000,0.0246,1,2024-04-17 21:14:52.723
93407000,0.0001,0,2024-04-17 21:14:57.874
93404000,0.0195,0,2024-04-17 21:14:57.874
93403000,0.0013,0,2024-04-17 21:14:57.874
93402000,0.0004,0,2024-04-17 21:14:57.874
93401000,0.0164,0,2024-04-17 21:14:57.874
93430000,0.0002,1,2024-04-17 21:14:57.874
93436000,0.0063,1,2024-04-17 21:14:57.874
93454000,0.027,1,2024-04-17 21:14:57.874
93455000,0.0209,1,2024-04-17 21:14:57.874
93456000,0.0099,1,2024-04-17 21:14:57.874
93420000,0.0003,0,2024-04-17 21:15:03.035
93407000,0.0004,0,2024-04-17 21:15:03.035
93404000,0.0195,0,2024-04-17 21:15:03.035
93403000,0.0013,0,2024-04-17 21:15:03.035
93402000,0.0004,0,2024-04-17 21:15:03.035
93430000,0.0002,1,2024-04-17 21:15:03.035
93456000,0.027,1,2024-04-17 21:15:03.035
93458000,0.0543,1,2024-04-17 21:15:03.035
93460000,0.0021,1,2024-04-17 21:15:03.035
93475000,0.1067,1,2024-04-17 21:15:03.035
93404000,0.0001,0,2024-04-17 21:15:08.175
93403000,0.0013,0,2024-04-17 21:15:08.175
93402000,0.0004,0,2024-04-17 21:15:08.175
93401000,0.0166,0,2024-04-17 21:15:08.175
93400000,0.7341,0,2024-04-17 21:15:08.175
93457000,0.0099,1,2024-04-17 21:15:08.175
93464000,0.0163,1,2024-04-17 21:15:08.175
93470000,0.0777,1,2024-04-17 21:15:08.175
93472000,0.0246,1,2024-04-17 21:15:08.175
93475000,0.1088,1,2024-04-17 21:15:08.175
93411000,0.0001,0,2024-04-17 21:15:13.363
93408000,0.0324,0,2024-04-17 21:15:13.363
93406000,0.0531,0,2024-04-17 21:15:13.363
93405000,0.0001,0,2024-04-17 21:15:13.363
93404000,0.0677,0,2024-04-17 21:15:13.363
93456000,0.0543,1,2024-04-17 21:15:13.363
93457000,0.0099,1,2024-04-17 21:15:13.363
93475000,0.1067,1,2024-04-17 21:15:13.363
93477000,0.0653,1,2024-04-17 21:15:13.363
93479000,0.0777,1,2024-04-17 21:15:13.363
93440000,0.001,0,2024-04-17 21:15:18.937
93429000,0.352,0,2024-04-17 21:15:18.937
93424000,0.0132,0,2024-04-17 21:15:18.937
93423000,0.0259,0,2024-04-17 21:15:18.937
93422000,0.3858,0,2024-04-17 21:15:18.937
93455000,0.0995,1,2024-04-17 21:15:18.937
93471000,0.1067,1,2024-04-17 21:15:18.937
93475000,0.1067,1,2024-04-17 21:15:18.937
93477000,0.0653,1,2024-04-17 21:15:18.937
93485000,0.0002,1,2024-04-17 21:15:18.937
93439000,0.0183,0,2024-04-17 21:15:24.712
93438000,1.8,0,2024-04-17 21:15:24.712
93437000,0.0221,0,2024-04-17 21:15:24.712
93435000,0.0511,0,2024-04-17 21:15:24.712
93433000,0.9004,0,2024-04-17 21:15:24.712
93440000,0.0055,1,2024-04-17 21:15:24.712
93455000,0.0995,1,2024-04-17 21:15:24.712
93471000,0.1067,1,2024-04-17 21:15:24.712
93475000,0.1067,1,2024-04-17 21:15:24.712
93485000,0.0002,1,2024-04-17 21:15:24.712
93445000,0.01,0,2024-04-17 21:15:30.457
93439000,0.9,0,2024-04-17 21:15:30.457
93438000,1.8,0,2024-04-17 21:15:30.457
93430000,0.0302,0,2024-04-17 21:15:30.457
93429000,0.3762,0,2024-04-17 21:15:30.457
93455000,0.0885,1,2024-04-17 21:15:30.457
93471000,0.1067,1,2024-04-17 21:15:30.457
93475000,0.1067,1,2024-04-17 21:15:30.457
93485000,0.0002,1,2024-04-17 21:15:30.457
93500000,0.0548,1,2024-04-17 21:15:30.457
93448000,0.0073,0,2024-04-17 21:15:35.711
93445000,0.01,0,2024-04-17 21:15:35.711
93439000,0.01,0,2024-04-17 21:15:35.711
93438000,0.01,0,2024-04-17 21:15:35.711
93437000,0.0022,0,2024-04-17 21:15:35.711
93455000,0.0078,1,2024-04-17 21:15:35.711
93457000,0.0632,1,2024-04-17 21:15:35.711
93475000,0.0239,1,2024-04-17 21:15:35.711
93476000,0.0066,1,2024-04-17 21:15:35.711
93479000,0.0555,1,2024-04-17 21:15:35.711
93408000,0.0199,0,2024-04-17 21:15:40.834
93404000,0.0011,0,2024-04-17 21:15:40.834
93403000,0.0113,0,2024-04-17 21:15:40.834
93402000,0.0132,0,2024-04-17 21:15:40.834
93401000,0.0164,0,2024-04-17 21:15:40.834
93427000,0.024,1,2024-04-17 21:15:40.834
93429000,0.0692,1,2024-04-17 21:15:40.834
93432000,0.0104,1,2024-04-17 21:15:40.834
93435000,0.1295,1,2024-04-17 21:15:40.834
93436000,0.0102,1,2024-04-17 21:15:40.834
93403000,0.0113,0,2024-04-17 21:15:45.958
93402000,0.0132,0,2024-04-17 21:15:45.958
93401000,0.0164,0,2024-04-17 21:15:45.958
93400000,0.6356,0,2024-04-17 21:15:45.958
93395000,0.0134,0,2024-04-17 21:15:45.958
93404000,0.0196,1,2024-04-17 21:15:45.958
93410000,0.014,1,2024-04-17 21:15:45.958
93412000,0.0692,1,2024-04-17 21:15:45.958
93416000,0.0104,1,2024-04-17 21:15:45.958
93418000,0.0441,1,2024-04-17 21:15:45.958
93410000,0.051,0,2024-04-17 21:15:51.047
93403000,0.0113,0,2024-04-17 21:15:51.047
93402000,0.0132,0,2024-04-17 21:15:51.047
93401000,0.0164,0,2024-04-17 21:15:51.047
93400000,0.6356,0,2024-04-17 21:15:51.047
93412000,0.0681,1,2024-04-17 21:15:51.047
93416000,0.0104,1,2024-04-17 21:15:51.047
93418000,0.0441,1,2024-04-17 21:15:51.047
93419000,0.0956,1,2024-04-17 21:15:51.047
93420000,0.0336,1,2024-04-17 21:15:51.047
93404000,0.0001,0,2024-04-17 21:15:56.336
93400000,0.5688,0,2024-04-17 21:15:56.336
93395000,0.0234,0,2024-04-17 21:15:56.336
93394000,0.0078,0,2024-04-17 21:15:56.336
93393000,0.0053,0,2024-04-17 21:15:56.336
93415000,0.0681,1,2024-04-17 21:15:56.336
93419000,0.0104,1,2024-04-17 21:15:56.336
93421000,0.1852,1,2024-04-17 21:15:56.336
93422000,0.0301,1,2024-04-17 21:15:56.336
93423000,0.0582,1,2024-04-17 21:15:56.336
93395000,0.0234,0,2024-04-17 21:16:01.496
93394000,0.0078,0,2024-04-17 21:16:01.496
93393000,0.0053,0,2024-04-17 21:16:01.496
93390000,0.0143,0,2024-04-17 21:16:01.496
93389000,0.0012,0,2024-04-17 21:16:01.496
93400000,3.4734,1,2024-04-17 21:16:01.496
93404000,0.7166,1,2024-04-17 21:16:01.496
93416000,0.0104,1,2024-04-17 21:16:01.496
93420000,1,1,2024-04-17 21:16:01.496
93430000,0.0002,1,2024-04-17 21:16:01.496
93385000,0.0001,0,2024-04-17 21:16:06.595
93383000,0.0211,0,2024-04-17 21:16:06.595
93382000,0.0001,0,2024-04-17 21:16:06.595
93381000,0.0303,0,2024-04-17 21:16:06.595
93380000,0.0199,0,2024-04-17 21:16:06.595
93386000,0.0387,1,2024-04-17 21:16:06.595
93395000,0.1541,1,2024-04-17 21:16:06.595
93400000,3.4628,1,2024-04-17 21:16:06.595
93401000,0.0002,1,2024-04-17 21:16:06.595
93404000,0.7166,1,2024-04-17 21:16:06.595
93341000,0.0229,0,2024-04-17 21:16:11.692
93340000,0.0501,0,2024-04-17 21:16:11.692
93339000,0.0067,0,2024-04-17 21:16:11.692
93337000,0.0155,0,2024-04-17 21:16:11.692
93336000,0.0039,0,2024-04-17 21:16:11.692
93347000,0.0611,1,2024-04-17 21:16:11.692
93348000,0.0417,1,2024-04-17 21:16:11.692
93355000,0.012,1,2024-04-17 21:16:11.692
93363000,0.0102,1,2024-04-17 21:16:11.692
93367000,0.0002,1,2024-04-17 21:16:11.692
93331000,0.0002,0,2024-04-17 21:16:16.890
93330000,0.0342,0,2024-04-17 21:16:16.890
93329000,0.0012,0,2024-04-17 21:16:16.890
93326000,0.002,0,2024-04-17 21:16:16.890
93325000,0.001,0,2024-04-17 21:16:16.890
93332000,0.4747,1,2024-04-17 21:16:16.890
93343000,0.0225,1,2024-04-17 21:16:16.890
93344000,0.0211,1,2024-04-17 21:16:16.890
93345000,0.0364,1,2024-04-17 21:16:16.890
93349000,0.04,1,2024-04-17 21:16:16.890
93284000,0.0014,0,2024-04-17 21:16:22.003
93283000,0.0014,0,2024-04-17 21:16:22.003
93281000,0.0001,0,2024-04-17 21:16:22.003
93280000,0.3896,0,2024-04-17 21:16:22.003
93278000,0.001,0,2024-04-17 21:16:22.003
93300000,0.8576,1,2024-04-17 21:16:22.003
93321000,0.0002,1,2024-04-17 21:16:22.003
93331000,0.1541,1,2024-04-17 21:16:22.003
93332000,0.04,1,2024-04-17 21:16:22.003
93335000,0.0606,1,2024-04-17 21:16:22.003
93275000,0.0001,0,2024-04-17 21:16:27.097
93274000,0.0292,0,2024-04-17 21:16:27.097
93273000,0.0001,0,2024-04-17 21:16:27.097
93271000,0.0001,0,2024-04-17 21:16:27.097
93270000,0.315,0,2024-04-17 21:16:27.097
93277000,0.1129,1,2024-04-17 21:16:27.097
93283000,0.113,1,2024-04-17 21:16:27.097
93300000,0.8576,1,2024-04-17 21:16:27.097
93314000,0.0617,1,2024-04-17 21:16:27.097
93321000,0.0002,1,2024-04-17 21:16:27.097
93270000,0.3012,0,2024-04-17 21:16:32.179
93269000,0.0125,0,2024-04-17 21:16:32.179
93268000,0.0346,0,2024-04-17 21:16:32.179
93266000,0.02,0,2024-04-17 21:16:32.179
93265000,0.0016,0,2024-04-17 21:16:32.179
93275000,0.3538,1,2024-04-17 21:16:32.179
93277000,0.1105,1,2024-04-17 21:16:32.179
93283000,0.0987,1,2024-04-17 21:16:32.179
93300000,0.8576,1,2024-04-17 21:16:32.179
93314000,0.0617,1,2024-04-17 21:16:32.179
93272000,0.0153,0,2024-04-17 21:16:37.276
93270000,0.3092,0,2024-04-17 21:16:37.276
93269000,0.0126,0,2024-04-17 21:16:37.276
93268000,0.0545,0,2024-04-17 21:16:37.276
93266000,0.0185,0,2024-04-17 21:16:37.276
93275000,0.4309,1,2024-04-17 21:16:37.276
93277000,0.0005,1,2024-04-17 21:16:37.276
93283000,0.0002,1,2024-04-17 21:16:37.276
93300000,0.8576,1,2024-04-17 21:16:37.276
93314000,0.0617,1,2024-04-17 21:16:37.276
93279000,0.0228,0,2024-04-17 21:16:42.402
93276000,0.3598,0,2024-04-17 21:16:42.402
93275000,0,0,2024-04-17 21:16:42.402
93274000,0.0001,0,2024-04-17 21:16:42.402
93272000,0.0001,0,2024-04-17 21:16:42.402
93283000,0.0002,1,2024-04-17 21:16:42.402
93300000,0.0403,1,2024-04-17 21:16:42.402
93314000,0.0617,1,2024-04-17 21:16:42.402
93321000,0.0002,1,2024-04-17 21:16:42.402
93332000,0.04,1,2024-04-17 21:16:42.402
93275000,0.0083,0,2024-04-17 21:16:47.509
93274000,0.0001,0,2024-04-17 21:16:47.509
93273000,0.0001,0,2024-04-17 21:16:47.509
93272000,0.0101,0,2024-04-17 21:16:47.509
93270000,0.3067,0,2024-04-17 21:16:47.509
93276000,0.0875,1,2024-04-17 21:16:47.509
93300000,0.0403,1,2024-04-17 21:16:47.509
93319000,0.0004,1,2024-04-17 21:16:47.509
93321000,0.0002,1,2024-04-17 21:16:47.509
93332000,0.04,1,2024-04-17 21:16:47.509
93258000,0.0002,0,2024-04-17 21:16:52.610
93257000,0.4167,0,2024-04-17 21:16:52.610
93256000,0.0001,0,2024-04-17 21:16:52.610
93255000,0.203,0,2024-04-17 21:16:52.610
93253000,0.0026,0,2024-04-17 21:16:52.610
93276000,0.0694,1,2024-04-17 21:16:52.610
93300000,0.0403,1,2024-04-17 21:16:52.610
93319000,0.0271,1,2024-04-17 21:16:52.610
93321000,0.0002,1,2024-04-17 21:16:52.610
93332000,0.04,1,2024-04-17 21:16:52.610
93275000,0.0006,0,2024-04-17 21:16:57.691
93257000,0.35,0,2024-04-17 21:16:57.691
93256000,0.0002,0,2024-04-17 21:16:57.691
93255000,0.203,0,2024-04-17 21:16:57.691
93253000,0.0026,0,2024-04-17 21:16:57.691
93276000,0.0694,1,2024-04-17 21:16:57.691
93300000,0.0403,1,2024-04-17 21:16:57.691
93319000,0.0271,1,2024-04-17 21:16:57.691
93321000,0.0002,1,2024-04-17 21:16:57.691
93335000,0.0606,1,2024-04-17 21:16:57.691
93257000,0.3498,0,2024-04-17 21:17:02.823
93256000,0.0102,0,2024-04-17 21:17:02.823
93255000,0.203,0,2024-04-17 21:17:02.823
93253000,0.0026,0,2024-04-17 21:17:02.823
93252000,1.866,0,2024-04-17 21:17:02.823
93267000,0.0111,1,2024-04-17 21:17:02.823
93276000,0.0642,1,2024-04-17 21:17:02.823
93300000,0.0403,1,2024-04-17 21:17:02.823
93319000,0.0271,1,2024-04-17 21:17:02.823
93321000,0.0002,1,2024-04-17 21:17:02.823
93257000,0.3512,0,2024-04-17 21:17:07.906
93256000,0.0102,0,2024-04-17 21:17:07.906
93255000,0.2029,0,2024-04-17 21:17:07.906
93253000,0.0454,0,2024-04-17 21:17:07.906
93252000,0.0046,0,2024-04-17 21:17:07.906
93267000,0.0036,1,2024-04-17 21:17:07.906
93276000,0.0642,1,2024-04-17 21:17:07.906
93300000,0.0403,1,2024-04-17 21:17:07.906
93315000,0.0605,1,2024-04-17 21:17:07.906
93319000,0.0271,1,2024-04-17 21:17:07.906
93256000,0.3622,0,2024-04-17 21:17:13.027
93255000,0.2136,0,2024-04-17 21:17:13.027
93253000,0.0454,0,2024-04-17 21:17:13.027
93252000,0.0046,0,2024-04-17 21:17:13.027
93251000,1.002,0,2024-04-17 21:17:13.027
93257000,0.0068,1,2024-04-17 21:17:13.027
93266000,0.0477,1,2024-04-17 21:17:13.027
93267000,0.0036,1,2024-04-17 21:17:13.027
93276000,0.0642,1,2024-04-17 21:17:13.027
93300000,0.0403,1,2024-04-17 21:17:13.027
93266000,0.526,0,2024-04-17 21:17:18.155
93256000,0.3622,0,2024-04-17 21:17:18.155
93255000,0.2136,0,2024-04-17 21:17:18.155
93253000,0.0454,0,2024-04-17 21:17:18.155
93252000,0.0046,0,2024-04-17 21:17:18.155
93267000,0.0001,1,2024-04-17 21:17:18.155
93276000,0.0642,1,2024-04-17 21:17:18.155
93287000,0.0002,1,2024-04-17 21:17:18.155
93300000,0.0403,1,2024-04-17 21:17:18.155
93314000,0.0121,1,2024-04-17 21:17:18.155
93276000,0.3518,0,2024-04-17 21:17:23.255
93275000,0.0003,0,2024-04-17 21:17:23.255
93267000,0.001,0,2024-04-17 21:17:23.255
93266000,0.5261,0,2024-04-17 21:17:23.255
93264000,0.352,0,2024-04-17 21:17:23.255
93287000,0.0002,1,2024-04-17 21:17:23.255
93300000,0.0002,1,2024-04-17 21:17:23.255
93315000,0.0605,1,2024-04-17 21:17:23.255
93319000,0.0271,1,2024-04-17 21:17:23.255
93321000,0.0002,1,2024-04-17 21:17:23.255
93275000,0.0003,0,2024-04-17 21:17:28.350
93268000,0.0053,0,2024-04-17 21:17:28.350
93267000,0.0951,0,2024-04-17 21:17:28.350
93266000,0.5259,0,2024-04-17 21:17:28.350
93256000,0.0102,0,2024-04-17 21:17:28.350
93276000,0.0446,1,2024-04-17 21:17:28.350
93300000,1.0002,1,2024-04-17 21:17:28.350
93315000,0.0605,1,2024-04-17 21:17:28.350
93319000,0.0271,1,2024-04-17 21:17:28.350
93321000,0.0002,1,2024-04-17 21:17:28.350
93268000,0.0178,0,2024-04-17 21:17:33.461
93267000,0.0952,0,2024-04-17 21:17:33.461
93266000,0.5261,0,2024-04-17 21:17:33.461
93256000,0.0102,0,2024-04-17 21:17:33.461
93255000,0.2189,0,2024-04-17 21:17:33.461
93276000,0.0411,1,2024-04-17 21:17:33.461
93300000,1.0002,1,2024-04-17 21:17:33.461
93315000,0.0605,1,2024-04-17 21:17:33.461
93319000,0.0271,1,2024-04-17 21:17:33.461
93321000,0.0002,1,2024-04-17 21:17:33.461
93276000,0.05,0,2024-04-17 21:17:38.559
93269000,0.0189,0,2024-04-17 21:17:38.559
93268000,0.0179,0,2024-04-17 21:17:38.559
93267000,0.0952,0,2024-04-17 21:17:38.559
93266000,0.5273,0,2024-04-17 21:17:38.559
93278000,0.0015,1,2024-04-17 21:17:38.559
93300000,1.0002,1,2024-04-17 21:17:38.559
93315000,0.0605,1,2024-04-17 21:17:38.559
93319000,0.0271,1,2024-04-17 21:17:38.559
93320000,0.0043,1,2024-04-17 21:17:38.559
93276000,1.7241,0,2024-04-17 21:17:43.646
93274000,0.06,0,2024-04-17 21:17:43.646
93269000,0.0333,0,2024-04-17 21:17:43.646
93268000,0.0233,0,2024-04-17 21:17:43.646
93267000,0.0952,0,2024-04-17 21:17:43.646
93300000,0.9972,1,2024-04-17 21:17:43.646
93319000,0.0271,1,2024-04-17 21:17:43.646
93320000,0.0043,1,2024-04-17 21:17:43.646
93321000,0.0002,1,2024-04-17 21:17:43.646
93343000,0.0558,1,2024-04-17 21:17:43.646
93276000,0.0039,0,2024-04-17 21:17:48.725
93269000,0.0333,0,2024-04-17 21:17:48.725
93268000,0.0233,0,2024-04-17 21:17:48.725
93267000,0.0952,0,2024-04-17 21:17:48.725
93266000,0.0012,0,2024-04-17 21:17:48.725
93300000,0.4352,1,2024-04-17 21:17:48.725
93307000,0.0002,1,2024-04-17 21:17:48.725
93319000,0.0271,1,2024-04-17 21:17:48.725
93320000,0.0043,1,2024-04-17 21:17:48.725
93321000,0.0002,1,2024-04-17 21:17:48.725
93278000,0.0644,0,2024-04-17 21:17:53.822
93277000,0.0553,0,2024-04-17 21:17:53.822
93276000,0.0053,0,2024-04-17 21:17:53.822
93269000,0.0333,0,2024-04-17 21:17:53.822
93268000,0.0233,0,2024-04-17 21:17:53.822
93300000,0.359,1,2024-04-17 21:17:53.822
93307000,0.0002,1,2024-04-17 21:17:53.822
93319000,0.0271,1,2024-04-17 21:17:53.822
93320000,0.0043,1,2024-04-17 21:17:53.822
93321000,0.0002,1,2024-04-17 21:17:53.822
93319000,0.0098,0,2024-04-17 21:17:58.958
93301000,0.0614,0,2024-04-17 21:17:58.958
93300000,0.0337,0,2024-04-17 21:17:58.958
93299000,0.0639,0,2024-04-17 21:17:58.958
93298000,1.8001,0,2024-04-17 21:17:58.958
93320000,0.0023,1,2024-04-17 21:17:58.958
93321000,0.0002,1,2024-04-17 21:17:58.958
93355000,0.0002,1,2024-04-17 21:17:58.958
93367000,0.0002,1,2024-04-17 21:17:58.958
93379000,0.0013,1,2024-04-17 21:17:58.958
93340000,0.0582,0,2024-04-17 21:18:04.029
93339000,0.0002,0,2024-04-17 21:18:04.029
93321000,0.0638,0,2024-04-17 21:18:04.029
93320000,0.001,0,2024-04-17 21:18:04.029
93318000,0.0063,0,2024-04-17 21:18:04.029
93383000,0.0461,1,2024-04-17 21:18:04.029
93400000,0.0013,1,2024-04-17 21:18:04.029
93401000,0.0002,1,2024-04-17 21:18:04.029
93403000,0.0013,1,2024-04-17 21:18:04.029
93404000,0.7181,1,2024-04-17 21:18:04.029
93341000,0.0021,0,2024-04-17 21:18:09.133
93340000,0.0576,0,2024-04-17 21:18:09.133
93339000,0.0005,0,2024-04-17 21:18:09.133
93321000,0.0638,0,2024-04-17 21:18:09.133
93320000,0.001,0,2024-04-17 21:18:09.133
93383000,0.0378,1,2024-04-17 21:18:09.133
93400000,0.0013,1,2024-04-17 21:18:09.133
93401000,0.0002,1,2024-04-17 21:18:09.133
93403000,0.0013,1,2024-04-17 21:18:09.133
93404000,0.7181,1,2024-04-17 21:18:09.133
93341000,0.0025,0,2024-04-17 21:18:14.249
93340000,0.0586,0,2024-04-17 21:18:14.249
93339000,0.0005,0,2024-04-17 21:18:14.249
93321000,0.0638,0,2024-04-17 21:18:14.249
93320000,0.002,0,2024-04-17 21:18:14.249
93383000,0.6057,1,2024-04-17 21:18:14.249
93400000,0.0013,1,2024-04-17 21:18:14.249
93401000,0.0002,1,2024-04-17 21:18:14.249
93403000,0.0013,1,2024-04-17 21:18:14.249
93404000,0.7181,1,2024-04-17 21:18:14.249
93319000,0.0021,0,2024-04-17 21:18:19.355
93304000,0.0624,0,2024-04-17 21:18:19.355
93299000,0.0638,0,2024-04-17 21:18:19.355
93293000,0.1067,0,2024-04-17 21:18:19.355
93280000,0.0001,0,2024-04-17 21:18:19.355
93383000,0.5781,1,2024-04-17 21:18:19.355
93400000,0.0013,1,2024-04-17 21:18:19.355
93401000,0.0002,1,2024-04-17 21:18:19.355
93403000,0.9013,1,2024-04-17 21:18:19.355
93404000,0.7181,1,2024-04-17 21:18:19.355
93300000,0.1068,0,2024-04-17 21:18:24.473
93299000,0.0234,0,2024-04-17 21:18:24.473
93294000,0.0638,0,2024-04-17 21:18:24.473
93280000,0.0001,0,2024-04-17 21:18:24.473
93278000,0.001,0,2024-04-17 21:18:24.473
93383000,0.5572,1,2024-04-17 21:18:24.473
93400000,0.0013,1,2024-04-17 21:18:24.473
93401000,0.0002,1,2024-04-17 21:18:24.473
93403000,0.9013,1,2024-04-17 21:18:24.473
93404000,0.7181,1,2024-04-17 21:18:24.473
93383000,0.0127,0,2024-04-17 21:18:29.578
93340000,0.1067,0,2024-04-17 21:18:29.578
93300000,1.801,0,2024-04-17 21:18:29.578
93299000,0.011,0,2024-04-17 21:18:29.578
93295000,0.0714,0,2024-04-17 21:18:29.578
93404000,0.7162,1,2024-04-17 21:18:29.578
93407000,0.0006,1,2024-04-17 21:18:29.578
93420000,0.0001,1,2024-04-17 21:18:29.578
93426000,0.9,1,2024-04-17 21:18:29.578
93427000,0.059,1,2024-04-17 21:18:29.578
93383000,0.0127,0,2024-04-17 21:18:34.675
93341000,0.1067,0,2024-04-17 21:18:34.675
93303000,2.3002,0,2024-04-17 21:18:34.675
93300000,0.0004,0,2024-04-17 21:18:34.675
93299000,0.0111,0,2024-04-17 21:18:34.675
93404000,0.6862,1,2024-04-17 21:18:34.675
93407000,0.0006,1,2024-04-17 21:18:34.675
93420000,0.0001,1,2024-04-17 21:18:34.675
93427000,0.959,1,2024-04-17 21:18:34.675
93430000,0.0002,1,2024-04-17 21:18:34.675
93384000,0.0006,0,2024-04-17 21:18:39.792
93383000,0.0389,0,2024-04-17 21:18:39.792
93341000,0.1094,0,2024-04-17 21:18:39.792
93316000,0.0003,0,2024-04-17 21:18:39.792
93313000,0.2,0,2024-04-17 21:18:39.792
93403000,0.0424,1,2024-04-17 21:18:39.792
93404000,0.5738,1,2024-04-17 21:18:39.792
93407000,0.0006,1,2024-04-17 21:18:39.792
93420000,0.0001,1,2024-04-17 21:18:39.792
93427000,0.959,1,2024-04-17 21:18:39.792
93384000,0.0098,0,2024-04-17 21:18:44.889
93383000,0.0389,0,2024-04-17 21:18:44.889
93344000,0.1067,0,2024-04-17 21:18:44.889
93341000,0.0135,0,2024-04-17 21:18:44.889
93316000,1.8006,0,2024-04-17 21:18:44.889
93404000,0.5685,1,2024-04-17 21:18:44.889
93407000,0.0006,1,2024-04-17 21:18:44.889
93420000,0.0001,1,2024-04-17 21:18:44.889
93427000,0.059,1,2024-04-17 21:18:44.889
93430000,0.0002,1,2024-04-17 21:18:44.889
93384000,0.0098,0,2024-04-17 21:18:50.009
93383000,0.0252,0,2024-04-17 21:18:50.009
93344000,0.01,0,2024-04-17 21:18:50.009
93343000,0.1067,0,2024-04-17 21:18:50.009
93341000,0.0135,0,2024-04-17 21:18:50.009
93404000,0.5144,1,2024-04-17 21:18:50.009
93407000,0.0006,1,2024-04-17 21:18:50.009
93420000,0.0001,1,2024-04-17 21:18:50.009
93430000,0.0002,1,2024-04-17 21:18:50.009
93440000,0.0002,1,2024-04-17 21:18:50.009
93385000,0.0725,0,2024-04-17 21:18:55.132
93384000,0.0192,0,2024-04-17 21:18:55.132
93383000,0.0139,0,2024-04-17 21:18:55.132
93363000,0.1069,0,2024-04-17 21:18:55.132
93344000,0.01,0,2024-04-17 21:18:55.132
93404000,0.2977,1,2024-04-17 21:18:55.132
93407000,0.0006,1,2024-04-17 21:18:55.132
93420000,0.0001,1,2024-04-17 21:18:55.132
93430000,0.0002,1,2024-04-17 21:18:55.132
93440000,0.0002,1,2024-04-17 21:18:55.132
93455000,0.0259,0,2024-04-17 21:19:00.239
93414000,0.0019,0,2024-04-17 21:19:00.239
93411000,0.041,0,2024-04-17 21:19:00.239
93385000,0.0756,0,2024-04-17 21:19:00.239
93384000,0.0292,0,2024-04-17 21:19:00.239
93475000,0.9,1,2024-04-17 21:19:00.239
93477000,0.0691,1,2024-04-17 21:19:00.239
93480000,0.044,1,2024-04-17 21:19:00.239
93481000,0.007,1,2024-04-17 21:19:00.239
93484000,0.0174,1,2024-04-17 21:19:00.239
93455000,0.0251,0,2024-04-17 21:19:05.353
93404000,0.0001,0,2024-04-17 21:19:05.353
93387000,0.0439,0,2024-04-17 21:19:05.353
93385000,0.0759,0,2024-04-17 21:19:05.353
93384000,0.0292,0,2024-04-17 21:19:05.353
93456000,0.0252,1,2024-04-17 21:19:05.353
93457000,0.007,1,2024-04-17 21:19:05.353
93460000,0.0174,1,2024-04-17 21:19:05.353
93462000,0.0236,1,2024-04-17 21:19:05.353
93465000,0.0369,1,2024-04-17 21:19:05.353
93385000,0.0758,0,2024-04-17 21:19:10.446
93384000,0.0292,0,2024-04-17 21:19:10.446
93383000,0.0103,0,2024-04-17 21:19:10.446
93382000,0.0003,0,2024-04-17 21:19:10.446
93368000,0.1068,0,2024-04-17 21:19:10.446
93430000,0.0069,1,2024-04-17 21:19:10.446
93434000,0.0174,1,2024-04-17 21:19:10.446
93435000,0.0236,1,2024-04-17 21:19:10.446
93439000,0.0369,1,2024-04-17 21:19:10.446
93442000,0.0212,1,2024-04-17 21:19:10.446
93404000,0.0107,0,2024-04-17 21:19:15.560
93385000,0.0758,0,2024-04-17 21:19:15.560
93384000,0.0292,0,2024-04-17 21:19:15.560
93383000,0.0103,0,2024-04-17 21:19:15.560
93382000,0.0024,0,2024-04-17 21:19:15.560
93435000,0.0303,1,2024-04-17 21:19:15.560
93437000,0.0033,1,2024-04-17 21:19:15.560
93441000,0.0063,1,2024-04-17 21:19:15.560
93442000,0.0236,1,2024-04-17 21:19:15.560
93446000,0.0369,1,2024-04-17 21:19:15.560
93422000,0.0068,0,2024-04-17 21:19:20.637
93404000,0.0107,0,2024-04-17 21:19:20.637
93392000,0.0002,0,2024-04-17 21:19:20.637
93386000,0.0008,0,2024-04-17 21:19:20.637
93385000,0.0758,0,2024-04-17 21:19:20.637
93435000,0.0228,1,2024-04-17 21:19:20.637
93449000,0.0063,1,2024-04-17 21:19:20.637
93454000,0.0369,1,2024-04-17 21:19:20.637
93458000,0.0272,1,2024-04-17 21:19:20.637
93460000,0.9,1,2024-04-17 21:19:20.637
93422000,0.0068,0,2024-04-17 21:19:25.708
93404000,0.0307,0,2024-04-17 21:19:25.708
93394000,0.1266,0,2024-04-17 21:19:25.708
93392000,0.0212,0,2024-04-17 21:19:25.708
93390000,0.0202,0,2024-04-17 21:19:25.708
93442000,0.0104,1,2024-04-17 21:19:25.708
93446000,0.0369,1,2024-04-17 21:19:25.708
93450000,0.0484,1,2024-04-17 21:19:25.708
93453000,0.0446,1,2024-04-17 21:19:25.708
93454000,0.0304,1,2024-04-17 21:19:25.708
93435000,0.0022,0,2024-04-17 21:19:30.830
93422000,0.0068,0,2024-04-17 21:19:30.830
93404000,0.0307,0,2024-04-17 21:19:30.830
93403000,0.0076,0,2024-04-17 21:19:30.830
93394000,0.02,0,2024-04-17 21:19:30.830
93440000,0,1,2024-04-17 21:19:30.830
93443000,0.0212,1,2024-04-17 21:19:30.830
93444000,0.0272,1,2024-04-17 21:19:30.830
93446000,0.0457,1,2024-04-17 21:19:30.830
93447000,0.0274,1,2024-04-17 21:19:30.830
93442000,0.0001,0,2024-04-17 21:19:35.989
93423000,0.0651,0,2024-04-17 21:19:35.989
93404000,0.029,0,2024-04-17 21:19:35.989
93403000,0.0076,0,2024-04-17 21:19:35.989
93392000,0.0002,0,2024-04-17 21:19:35.989
93452000,0.0272,1,2024-04-17 21:19:35.989
93454000,0.0172,1,2024-04-17 21:19:35.989
93455000,0.0274,1,2024-04-17 21:19:35.989
93456000,0.0304,1,2024-04-17 21:19:35.989
93457000,0.0512,1,2024-04-17 21:19:35.989
93442000,0.0053,0,2024-04-17 21:19:41.123
93423000,0.0467,0,2024-04-17 21:19:41.123
93404000,0.029,0,2024-04-17 21:19:41.123
93403000,0.0076,0,2024-04-17 21:19:41.123
93400000,0.001,0,2024-04-17 21:19:41.123
93452000,0.0196,1,2024-04-17 21:19:41.123
93454000,0.0172,1,2024-04-17 21:19:41.123
93459000,0.0419,1,2024-04-17 21:19:41.123
93462000,0.0123,1,2024-04-17 21:19:41.123
93466000,0.0222,1,2024-04-17 21:19:41.123
93443000,0.001,0,2024-04-17 21:19:46.195
93442000,0.0673,0,2024-04-17 21:19:46.195
93423000,0.0467,0,2024-04-17 21:19:46.195
93405000,0.002,0,2024-04-17 21:19:46.195
93404000,0.029,0,2024-04-17 21:19:46.195
93452000,0.0136,1,2024-04-17 21:19:46.195
93454000,0.0172,1,2024-04-17 21:19:46.195
93455000,0.0274,1,2024-04-17 21:19:46.195
93456000,0.0304,1,2024-04-17 21:19:46.195
93457000,0.024,1,2024-04-17 21:19:46.195
93442000,0.0773,0,2024-04-17 21:19:51.281
93423000,0.0467,0,2024-04-17 21:19:51.281
93405000,0.0308,0,2024-04-17 21:19:51.281
93404000,0.029,0,2024-04-17 21:19:51.281
93403000,0.0076,0,2024-04-17 21:19:51.281
93443000,0.0935,1,2024-04-17 21:19:51.281
93452000,0.0106,1,2024-04-17 21:19:51.281
93454000,0.0172,1,2024-04-17 21:19:51.281
93455000,0.0274,1,2024-04-17 21:19:51.281
93456000,0.0304,1,2024-04-17 21:19:51.281
93400000,0.001,0,2024-04-17 21:19:56.374
93392000,0.0132,0,2024-04-17 21:19:56.374
93390000,0.001,0,2024-04-17 21:19:56.374
93389000,0.0838,0,2024-04-17 21:19:56.374
93388000,0.352,0,2024-04-17 21:19:56.374
93443000,0.0563,1,2024-04-17 21:19:56.374
93452000,0.0106,1,2024-04-17 21:19:56.374
93454000,0.0172,1,2024-04-17 21:19:56.374
93455000,0.0274,1,2024-04-17 21:19:56.374
93456000,0.0304,1,2024-04-17 21:19:56.374
93396000,0.0166,0,2024-04-17 21:20:01.479
93391000,0.0367,0,2024-04-17 21:20:01.479
93388000,0.0835,0,2024-04-17 21:20:01.479
93387000,0.3522,0,2024-04-17 21:20:01.479
93386000,0.0008,0,2024-04-17 21:20:01.479
93443000,0.0217,1,2024-04-17 21:20:01.479
93459000,0.0002,1,2024-04-17 21:20:01.479
93464000,0.0106,1,2024-04-17 21:20:01.479
93467000,0.0446,1,2024-04-17 21:20:01.479
93468000,0.0304,1,2024-04-17 21:20:01.479
93412000,0.0186,0,2024-04-17 21:20:06.582
93409000,0.0798,0,2024-04-17 21:20:06.582
93408000,0.352,0,2024-04-17 21:20:06.582
93407000,0.352,0,2024-04-17 21:20:06.582
93406000,0.0367,0,2024-04-17 21:20:06.582
93443000,0.0245,1,2024-04-17 21:20:06.582
93459000,0.0002,1,2024-04-17 21:20:06.582
93474000,0.0002,1,2024-04-17 21:20:06.582
93475000,0.0002,1,2024-04-17 21:20:06.582
93478000,0.0583,1,2024-04-17 21:20:06.582
93419000,0.0003,0,2024-04-17 21:20:11.691
93406000,0.0206,0,2024-04-17 21:20:11.691
93403000,0.0002,0,2024-04-17 21:20:11.691
93400000,0.0572,0,2024-04-17 21:20:11.691
93399000,0.0531,0,2024-04-17 21:20:11.691
93474000,0.001,1,2024-04-17 21:20:11.691
93475000,0.0875,1,2024-04-17 21:20:11.691
93476000,0.0362,1,2024-04-17 21:20:11.691
93477000,0.0183,1,2024-04-17 21:20:11.691
93480000,0.0222,1,2024-04-17 21:20:11.691
93419000,0.0119,0,2024-04-17 21:20:16.915
93410000,0.0696,0,2024-04-17 21:20:16.915
93386000,0.0008,0,2024-04-17 21:20:16.915
93385000,0.0044,0,2024-04-17 21:20:16.915
93384000,0.02,0,2024-04-17 21:20:16.915
93443000,0.0172,1,2024-04-17 21:20:16.915
93446000,0.0571,1,2024-04-17 21:20:16.915
93447000,0.0206,1,2024-04-17 21:20:16.915
93448000,0.0211,1,2024-04-17 21:20:16.915
93449000,0.0866,1,2024-04-17 21:20:16.915
93410000,0.0696,0,2024-04-17 21:20:21.992
93393000,0.0101,0,2024-04-17 21:20:21.992
93389000,0.0005,0,2024-04-17 21:20:21.992
93386000,0.0008,0,2024-04-17 21:20:21.992
93385000,0.3564,0,2024-04-17 21:20:21.992
93419000,0.0221,1,2024-04-17 21:20:21.992
93443000,0.0139,1,2024-04-17 21:20:21.992
93447000,0.0445,1,2024-04-17 21:20:21.992
93448000,0.0211,1,2024-04-17 21:20:21.992
93449000,0.0866,1,2024-04-17 21:20:21.992
93410000,0.0645,0,2024-04-17 21:20:27.101
93404000,0.0003,0,2024-04-17 21:20:27.101
93394000,0.0001,0,2024-04-17 21:20:27.101
93393000,0.3621,0,2024-04-17 21:20:27.101
93389000,0.0006,0,2024-04-17 21:20:27.101
93419000,0.6628,1,2024-04-17 21:20:27.101
93450000,0.0002,1,2024-04-17 21:20:27.101
93458000,0.014,1,2024-04-17 21:20:27.101
93463000,0.0445,1,2024-04-17 21:20:27.101
93464000,0.1077,1,2024-04-17 21:20:27.101
93412000,0.0293,0,2024-04-17 21:20:32.213
93410000,0.0643,0,2024-04-17 21:20:32.213
93406000,0.0335,0,2024-04-17 21:20:32.213
93404000,0.0003,0,2024-04-17 21:20:32.213
93403000,0.0507,0,2024-04-17 21:20:32.213
93419000,0.6033,1,2024-04-17 21:20:32.213
93450000,0.0002,1,2024-04-17 21:20:32.213
93466000,0.0639,1,2024-04-17 21:20:32.213
93477000,0.0607,1,2024-04-17 21:20:32.213
93481000,0.0002,1,2024-04-17 21:20:32.213
93420000,2.1205,0,2024-04-17 21:20:37.341
93419000,0.075,0,2024-04-17 21:20:37.341
93417000,0.352,0,2024-04-17 21:20:37.341
93413000,0.0021,0,2024-04-17 21:20:37.341
93410000,0.0643,0,2024-04-17 21:20:37.341
93494000,0.0037,1,2024-04-17 21:20:37.341
93495000,0.0004,1,2024-04-17 21:20:37.341
93499000,0.0625,1,2024-04-17 21:20:37.341
93500000,0.0006,1,2024-04-17 21:20:37.341
93501000,0.0091,1,2024-04-17 21:20:37.341
93433000,0.0007,0,2024-04-17 21:20:42.452
93420000,0.3354,0,2024-04-17 21:20:42.452
93413000,0.0021,0,2024-04-17 21:20:42.452
93410000,0.0643,0,2024-04-17 21:20:42.452
93406000,0.352,0,2024-04-17 21:20:42.452
93485000,0.0102,1,2024-04-17 21:20:42.452
93486000,0.0596,1,2024-04-17 21:20:42.452
93491000,0.0236,1,2024-04-17 21:20:42.452
93493000,0.0542,1,2024-04-17 21:20:42.452
93495000,0.0448,1,2024-04-17 21:20:42.452
93461000,0.0092,0,2024-04-17 21:20:47.573
93440000,0.0634,0,2024-04-17 21:20:47.573
93439000,1.8002,0,2024-04-17 21:20:47.573
93437000,0.0063,0,2024-04-17 21:20:47.573
93434000,0.0653,0,2024-04-17 21:20:47.573
93516000,0.0026,1,2024-04-17 21:20:47.573
93520000,0.0001,1,2024-04-17 21:20:47.573
93525000,0.0006,1,2024-04-17 21:20:47.573
93532000,0.0002,1,2024-04-17 21:20:47.573
93537000,0.0634,1,2024-04-17 21:20:47.573
93478000,0.0534,0,2024-04-17 21:20:52.676
93472000,0.025,0,2024-04-17 21:20:52.676
93469000,0.0046,0,2024-04-17 21:20:52.676
93439000,1.8002,0,2024-04-17 21:20:52.676
93433000,0.0002,0,2024-04-17 21:20:52.676
93501000,0.0004,1,2024-04-17 21:20:52.676
93516000,0.0026,1,2024-04-17 21:20:52.676
93520000,0.0001,1,2024-04-17 21:20:52.676
93525000,0.0006,1,2024-04-17 21:20:52.676
93532000,0.0002,1,2024-04-17 21:20:52.676
93525000,0.0246,0,2024-04-17 21:20:57.807
93523000,0.0046,0,2024-04-17 21:20:57.807
93521000,1.9929,0,2024-04-17 21:20:57.807
93491000,0.0043,0,2024-04-17 21:20:57.807
93480000,0.0002,0,2024-04-17 21:20:57.807
93532000,0.0002,1,2024-04-17 21:20:57.807
93540000,0.0001,1,2024-04-17 21:20:57.807
93543000,0.0015,1,2024-04-17 21:20:57.807
93554000,0.0002,1,2024-04-17 21:20:57.807
93555000,0.005,1,2024-04-17 21:20:57.807
93543000,0.0095,0,2024-04-17 21:21:02.912
93538000,0.02,0,2024-04-17 21:21:02.912
93527000,0.0818,0,2024-04-17 21:21:02.912
93521000,0.1931,0,2024-04-17 21:21:02.912
93514000,0.003,0,2024-04-17 21:21:02.912
93555000,0.0039,1,2024-04-17 21:21:02.912
93558000,0.1372,1,2024-04-17 21:21:02.912
93560000,0.0001,1,2024-04-17 21:21:02.912
93564000,0.0002,1,2024-04-17 21:21:02.912
93570000,0.0001,1,2024-04-17 21:21:02.912
93538000,0.017,0,2024-04-17 21:21:08.013
93532000,0.017,0,2024-04-17 21:21:08.013
93527000,0.0817,0,2024-04-17 21:21:08.013
93521000,0.0002,0,2024-04-17 21:21:08.013
93504000,0.0245,0,2024-04-17 21:21:08.013
93555000,0.0572,1,2024-04-17 21:21:08.013
93558000,0.1372,1,2024-04-17 21:21:08.013
93560000,0.0001,1,2024-04-17 21:21:08.013
93564000,0.0002,1,2024-04-17 21:21:08.013
93565000,0.0476,1,2024-04-17 21:21:08.013
93546000,0,0,2024-04-17 21:21:13.245
93538000,0.0168,0,2024-04-17 21:21:13.245
93532000,0.017,0,2024-04-17 21:21:13.245
93527000,0.0024,0,2024-04-17 21:21:13.245
93521000,0.0002,0,2024-04-17 21:21:13.245
93552000,0.0447,1,2024-04-17 21:21:13.245
93555000,0.0514,1,2024-04-17 21:21:13.245
93556000,0.0005,1,2024-04-17 21:21:13.245
93557000,0.0089,1,2024-04-17 21:21:13.245
93558000,0.1372,1,2024-04-17 21:21:13.245
93543000,0.3003,0,2024-04-17 21:21:18.363
93539000,0.001,0,2024-04-17 21:21:18.363
93538000,0.0168,0,2024-04-17 21:21:18.363
93532000,0.017,0,2024-04-17 21:21:18.363
93527000,0.0024,0,2024-04-17 21:21:18.363
93553000,0.0186,1,2024-04-17 21:21:18.363
93554000,0.0001,1,2024-04-17 21:21:18.363
93557000,0.0174,1,2024-04-17 21:21:18.363
93558000,0.0411,1,2024-04-17 21:21:18.363
93559000,0.0368,1,2024-04-17 21:21:18.363
93543000,0.2847,0,2024-04-17 21:21:23.437
93539000,0.001,0,2024-04-17 21:21:23.437
93538000,0.0168,0,2024-04-17 21:21:23.437
93532000,0.017,0,2024-04-17 21:21:23.437
93527000,0.0024,0,2024-04-17 21:21:23.437
93545000,0.0164,1,2024-04-17 21:21:23.437
93547000,0.0368,1,2024-04-17 21:21:23.437
93548000,0.0236,1,2024-04-17 21:21:23.437
93553000,0.3567,1,2024-04-17 21:21:23.437
93554000,0.0385,1,2024-04-17 21:21:23.437
93543000,0.2846,0,2024-04-17 21:21:28.563
93539000,0.001,0,2024-04-17 21:21:28.563
93538000,0.0168,0,2024-04-17 21:21:28.563
93532000,0.0005,0,2024-04-17 21:21:28.563
93527000,0.0024,0,2024-04-17 21:21:28.563
93553000,0.3417,1,2024-04-17 21:21:28.563
93554000,0.0109,1,2024-04-17 21:21:28.563
93555000,0.0368,1,2024-04-17 21:21:28.563
93557000,0.0236,1,2024-04-17 21:21:28.563
93558000,0.0411,1,2024-04-17 21:21:28.563
93544000,0.001,0,2024-04-17 21:21:33.638
93543000,0.2855,0,2024-04-17 21:21:33.638
93539000,0.001,0,2024-04-17 21:21:33.638
93538000,0.0168,0,2024-04-17 21:21:33.638
93532000,0.0005,0,2024-04-17 21:21:33.638
93553000,0.3357,1,2024-04-17 21:21:33.638
93557000,0.0109,1,2024-04-17 21:21:33.638
93558000,0.0411,1,2024-04-17 21:21:33.638
93559000,0.0604,1,2024-04-17 21:21:33.638
93560000,0.0001,1,2024-04-17 21:21:33.638
93553000,0.0279,0,2024-04-17 21:21:38.718
93544000,0.0008,0,2024-04-17 21:21:38.718
93543000,0.2855,0,2024-04-17 21:21:38.718
93539000,0.001,0,2024-04-17 21:21:38.718
93538000,0.0168,0,2024-04-17 21:21:38.718
93557000,0.3609,1,2024-04-17 21:21:38.718
93558000,0.0411,1,2024-04-17 21:21:38.718
93559000,0.0604,1,2024-04-17 21:21:38.718
93560000,0.0001,1,2024-04-17 21:21:38.718
93564000,0.0002,1,2024-04-17 21:21:38.718
93545000,0.0727,0,2024-04-17 21:21:43.817
93544000,0.0008,0,2024-04-17 21:21:43.817
93543000,0.2856,0,2024-04-17 21:21:43.817
93539000,0.001,0,2024-04-17 21:21:43.817
93538000,0.0169,0,2024-04-17 21:21:43.817
93554000,0.0371,1,2024-04-17 21:21:43.817
93555000,0.0292,1,2024-04-17 21:21:43.817
93558000,0.0667,1,2024-04-17 21:21:43.817
93559000,0.0211,1,2024-04-17 21:21:43.817
93560000,0.0539,1,2024-04-17 21:21:43.817
93557000,0.2111,0,2024-04-17 21:21:48.923
93545000,0.073,0,2024-04-17 21:21:48.923
93544000,0.0008,0,2024-04-17 21:21:48.923
93543000,0.2856,0,2024-04-17 21:21:48.923
93539000,0.001,0,2024-04-17 21:21:48.923
93558000,0.0637,1,2024-04-17 21:21:48.923
93559000,0.0211,1,2024-04-17 21:21:48.923
93560000,0.0539,1,2024-04-17 21:21:48.923
93561000,0.0602,1,2024-04-17 21:21:48.923
93562000,0.039,1,2024-04-17 21:21:48.923
93557000,0.2114,0,2024-04-17 21:21:54.079
93553000,0.0002,0,2024-04-17 21:21:54.079
93545000,0.0727,0,2024-04-17 21:21:54.079
93544000,0.0008,0,2024-04-17 21:21:54.079
93543000,0.2854,0,2024-04-17 21:21:54.079
93558000,0.0577,1,2024-04-17 21:21:54.079
93559000,0.0211,1,2024-04-17 21:21:54.079
93560000,0.0539,1,2024-04-17 21:21:54.079
93561000,0.0602,1,2024-04-17 21:21:54.079
93562000,0.039,1,2024-04-17 21:21:54.079
93558000,0.0715,0,2024-04-17 21:21:59.164
93557000,0.2111,0,2024-04-17 21:21:59.164
93553000,0.0006,0,2024-04-17 21:21:59.164
93545000,0.073,0,2024-04-17 21:21:59.164
93544000,0.0008,0,2024-04-17 21:21:59.164
93559000,0.0181,1,2024-04-17 21:21:59.164
93560000,0.0539,1,2024-04-17 21:21:59.164
93561000,0.0602,1,2024-04-17 21:21:59.164
93562000,0.039,1,2024-04-17 21:21:59.164
93563000,0.0743,1,2024-04-17 21:21:59.164
93558000,0.076,0,2024-04-17 21:22:04.257
93557000,0.2111,0,2024-04-17 21:22:04.257
93553000,0.0006,0,2024-04-17 21:22:04.257
93545000,0.073,0,2024-04-17 21:22:04.257
93544000,0.0008,0,2024-04-17 21:22:04.257
93571000,0.0234,1,2024-04-17 21:22:04.257
93572000,0.024,1,2024-04-17 21:22:04.257
93573000,0.0123,1,2024-04-17 21:22:04.257
93574000,0.0583,1,2024-04-17 21:22:04.257
93575000,0.0189,1,2024-04-17 21:22:04.257
93560000,0.0111,0,2024-04-17 21:22:09.461
93558000,0.0758,0,2024-04-17 21:22:09.461
93553000,0.0006,0,2024-04-17 21:22:09.461
93545000,0.073,0,2024-04-17 21:22:09.461
93544000,0.0008,0,2024-04-17 21:22:09.461
93572000,0.0461,1,2024-04-17 21:22:09.461
93573000,0.033,1,2024-04-17 21:22:09.461
93574000,0.0817,1,2024-04-17 21:22:09.461
93575000,0.0344,1,2024-04-17 21:22:09.461
93576000,0.0384,1,2024-04-17 21:22:09.461
93573000,0.009,0,2024-04-17 21:22:14.623
93572000,0.2111,0,2024-04-17 21:22:14.623
93560000,0.0109,0,2024-04-17 21:22:14.623
93558000,0.0758,0,2024-04-17 21:22:14.623
93553000,0.0006,0,2024-04-17 21:22:14.623
93575000,0.0016,1,2024-04-17 21:22:14.623
93576000,0.016,1,2024-04-17 21:22:14.623
93577000,0.0304,1,2024-04-17 21:22:14.623
93578000,0.0762,1,2024-04-17 21:22:14.623
93579000,0.0983,1,2024-04-17 21:22:14.623
93572000,0.1976,0,2024-04-17 21:22:19.715
93560000,0.0109,0,2024-04-17 21:22:19.715
93558000,0.0771,0,2024-04-17 21:22:19.715
93553000,0.0006,0,2024-04-17 21:22:19.715
93545000,0.073,0,2024-04-17 21:22:19.715
93574000,0.1215,1,2024-04-17 21:22:19.715
93575000,0.044,1,2024-04-17 21:22:19.715
93576000,0.0002,1,2024-04-17 21:22:19.715
93577000,0.016,1,2024-04-17 21:22:19.715
93578000,0.0394,1,2024-04-17 21:22:19.715
93580000,0.2912,0,2024-04-17 21:22:24.825
93572000,0.0426,0,2024-04-17 21:22:24.825
93560000,0.0109,0,2024-04-17 21:22:24.825
93558000,0.0771,0,2024-04-17 21:22:24.825
93553000,0.0006,0,2024-04-17 21:22:24.825
93581000,0.0058,1,2024-04-17 21:22:24.825
93582000,0.0267,1,2024-04-17 21:22:24.825
93584000,0.0527,1,2024-04-17 21:22:24.825
93586000,0.0004,1,2024-04-17 21:22:24.825
93587000,0.0234,1,2024-04-17 21:22:24.825
93580000,0.0779,0,2024-04-17 21:22:29.921
93572000,0.0424,0,2024-04-17 21:22:29.921
93560000,0.0109,0,2024-04-17 21:22:29.921
93558000,0.0729,0,2024-04-17 21:22:29.921
93553000,0.0006,0,2024-04-17 21:22:29.921
93581000,0.0195,1,2024-04-17 21:22:29.921
93583000,0.0085,1,2024-04-17 21:22:29.921
93586000,0.0332,1,2024-04-17 21:22:29.921
93588000,0.0336,1,2024-04-17 21:22:29.921
93591000,0.02,1,2024-04-17 21:22:29.921
93580000,0.0705,0,2024-04-17 21:22:35.025
93572000,0.0426,0,2024-04-17 21:22:35.025
93560000,0.0133,0,2024-04-17 21:22:35.025
93558000,0.0729,0,2024-04-17 21:22:35.025
93553000,0.0004,0,2024-04-17 21:22:35.025
93587000,0.0328,1,2024-04-17 21:22:35.025
93595000,0.352,1,2024-04-17 21:22:35.025
93600000,0.0375,1,2024-04-17 21:22:35.025
93603000,0.0002,1,2024-04-17 21:22:35.025
93606000,0.0013,1,2024-04-17 21:22:35.025
93580000,0.0705,0,2024-04-17 21:22:40.094
93573000,0.1068,0,2024-04-17 21:22:40.094
93572000,0.0428,0,2024-04-17 21:22:40.094
93560000,0.0133,0,2024-04-17 21:22:40.094
93558000,0.0727,0,2024-04-17 21:22:40.094
93587000,0.3629,1,2024-04-17 21:22:40.094
93600000,0.0375,1,2024-04-17 21:22:40.094
93603000,0.3522,1,2024-04-17 21:22:40.094
93606000,0.0013,1,2024-04-17 21:22:40.094
93610000,0.0336,1,2024-04-17 21:22:40.094
93580000,0.0281,0,2024-04-17 21:22:45.192
93573000,0.1069,0,2024-04-17 21:22:45.192
93572000,0.0327,0,2024-04-17 21:22:45.192
93560000,0.0131,0,2024-04-17 21:22:45.192
93558000,0.0727,0,2024-04-17 21:22:45.192
93584000,0.1128,1,2024-04-17 21:22:45.192
93585000,0.0607,1,2024-04-17 21:22:45.192
93587000,1.2492,1,2024-04-17 21:22:45.192
93590000,0.352,1,2024-04-17 21:22:45.192
93600000,0.0375,1,2024-04-17 21:22:45.192
93572000,0.0061,0,2024-04-17 21:22:50.303
93560000,0.0131,0,2024-04-17 21:22:50.303
93558000,0.0727,0,2024-04-17 21:22:50.303
93553000,0.0004,0,2024-04-17 21:22:50.303
93545000,0.073,0,2024-04-17 21:22:50.303
93583000,0.1768,1,2024-04-17 21:22:50.303
93584000,0.3492,1,2024-04-17 21:22:50.303
93585000,0.0607,1,2024-04-17 21:22:50.303
93590000,0.352,1,2024-04-17 21:22:50.303
93600000,0.2496,1,2024-04-17 21:22:50.303
93572000,0.0338,0,2024-04-17 21:22:55.374
93560000,0.0131,0,2024-04-17 21:22:55.374
93558000,0.0727,0,2024-04-17 21:22:55.374
93553000,0.0004,0,2024-04-17 21:22:55.374
93545000,0.073,0,2024-04-17 21:22:55.374
93582000,0.3522,1,2024-04-17 21:22:55.374
93583000,0.0642,1,2024-04-17 21:22:55.374
93585000,0.0607,1,2024-04-17 21:22:55.374
93590000,0.352,1,2024-04-17 21:22:55.374
93600000,1.1496,1,2024-04-17 21:22:55.374
93582000,0.0137,0,2024-04-17 21:23:00.455
93572000,0.034,0,2024-04-17 21:23:00.455
93560000,0.0106,0,2024-04-17 21:23:00.455
93558000,0.0727,0,2024-04-17 21:23:00.455
93553000,0.0004,0,2024-04-17 21:23:00.455
93585000,0.0607,1,2024-04-17 21:23:00.455
93590000,0.352,1,2024-04-17 21:23:00.455
93600000,1.1496,1,2024-04-17 21:23:00.455
93602000,0.0631,1,2024-04-17 21:23:00.455
93603000,0.0002,1,2024-04-17 21:23:00.455
93560000,0.0106,0,2024-04-17 21:23:05.576
93558000,0.0727,0,2024-04-17 21:23:05.576
93553000,0.0004,0,2024-04-17 21:23:05.576
93545000,0.073,0,2024-04-17 21:23:05.576
93544000,0.0008,0,2024-04-17 21:23:05.576
93572000,0.7339,1,2024-04-17 21:23:05.576
93581000,0.0003,1,2024-04-17 21:23:05.576
93582000,0.901,1,2024-04-17 21:23:05.576
93583000,0.0552,1,2024-04-17 21:23:05.576
93585000,0.0397,1,2024-04-17 21:23:05.576
93558000,0,0,2024-04-17 21:23:11.484
93553000,0.0005,0,2024-04-17 21:23:11.484
93545000,0.073,0,2024-04-17 21:23:11.484
93544000,0.0008,0,2024-04-17 21:23:11.484
93543000,0.2857,0,2024-04-17 21:23:11.484
93571000,0.0551,1,2024-04-17 21:23:11.484
93572000,1.2761,1,2024-04-17 21:23:11.484
93581000,0.0002,1,2024-04-17 21:23:11.484
93582000,0.0124,1,2024-04-17 21:23:11.484
93583000,0.0552,1,2024-04-17 21:23:11.484
93558000,0.0162,0,2024-04-17 21:23:16.599
93553000,0.0144,0,2024-04-17 21:23:16.599
93545000,0.073,0,2024-04-17 21:23:16.599
93544000,0.0008,0,2024-04-17 21:23:16.599
93543000,0.2857,0,2024-04-17 21:23:16.599
93572000,0.3696,1,2024-04-17 21:23:16.599
93581000,0.0002,1,2024-04-17 21:23:16.599
93582000,0.0124,1,2024-04-17 21:23:16.599
93583000,0.0552,1,2024-04-17 21:23:16.599
93585000,0.0397,1,2024-04-17 21:23:16.599
93553000,0.0001,0,2024-04-17 21:23:21.701
93545000,0.073,0,2024-04-17 21:23:21.701
93544000,0.0008,0,2024-04-17 21:23:21.701
93543000,0.2857,0,2024-04-17 21:23:21.701
93539000,0.001,0,2024-04-17 21:23:21.701
93558000,0.0467,1,2024-04-17 21:23:21.701
93570000,0.05,1,2024-04-17 21:23:21.701
93571000,0.704,1,2024-04-17 21:23:21.701
93572000,0.0145,1,2024-04-17 21:23:21.701
93581000,0.0002,1,2024-04-17 21:23:21.701
93544000,0.6494,0,2024-04-17 21:23:26.800
93534000,0.0001,0,2024-04-17 21:23:26.800
93532000,0.0005,0,2024-04-17 21:23:26.800
93524000,0.0003,0,2024-04-17 21:23:26.800
93519000,0.0003,0,2024-04-17 21:23:26.800
93554000,0.557,1,2024-04-17 21:23:26.800
93558000,0.0987,1,2024-04-17 21:23:26.800
93572000,0.0145,1,2024-04-17 21:23:26.800
93581000,0.0002,1,2024-04-17 21:23:26.800
93582000,0.0124,1,2024-04-17 21:23:26.800
93544000,0.6453,0,2024-04-17 21:23:31.914
93543000,0.001,0,2024-04-17 21:23:31.914
93534000,0.0002,0,2024-04-17 21:23:31.914
93532000,0.0005,0,2024-04-17 21:23:31.914
93524000,0.0003,0,2024-04-17 21:23:31.914
93552000,0.0608,1,2024-04-17 21:23:31.914
93553000,0.4971,1,2024-04-17 21:23:31.914
93558000,0.0987,1,2024-04-17 21:23:31.914
93572000,0.0145,1,2024-04-17 21:23:31.914
93581000,0.0002,1,2024-04-17 21:23:31.914
93544000,0.7989,0,2024-04-17 21:23:37.168
93543000,0.001,0,2024-04-17 21:23:37.168
93534000,0.0001,0,2024-04-17 21:23:37.168
93532000,0.0005,0,2024-04-17 21:23:37.168
93524000,0.0003,0,2024-04-17 21:23:37.168
93552000,0.3521,1,2024-04-17 21:23:37.168
93553000,0.4971,1,2024-04-17 21:23:37.168
93558000,0.0437,1,2024-04-17 21:23:37.168
93572000,0.0337,1,2024-04-17 21:23:37.168
93581000,0.0002,1,2024-04-17 21:23:37.168
93544000,0.788,0,2024-04-17 21:23:42.401
93543000,0.001,0,2024-04-17 21:23:42.401
93534000,0.0001,0,2024-04-17 21:23:42.401
93532000,0.0005,0,2024-04-17 21:23:42.401
93524000,0.0003,0,2024-04-17 21:23:42.401
93551000,0.0001,1,2024-04-17 21:23:42.401
93553000,0.4971,1,2024-04-17 21:23:42.401
93558000,0.0437,1,2024-04-17 21:23:42.401
93572000,0.0337,1,2024-04-17 21:23:42.401
93581000,0.0002,1,2024-04-17 21:23:42.401
93550000,0.0085,0,2024-04-17 21:23:47.508
93544000,0.7963,0,2024-04-17 21:23:47.508
93543000,0.001,0,2024-04-17 21:23:47.508
93534000,0.0001,0,2024-04-17 21:23:47.508
93532000,0.0005,0,2024-04-17 21:23:47.508
93553000,0.7744,1,2024-04-17 21:23:47.508
93554000,0.0638,1,2024-04-17 21:23:47.508
93558000,0.0437,1,2024-04-17 21:23:47.508
93563000,0.0576,1,2024-04-17 21:23:47.508
93572000,0.0337,1,2024-04-17 21:23:47.508
93544000,0.7965,0,2024-04-17 21:23:52.757
93543000,0.001,0,2024-04-17 21:23:52.757
93534000,0.0001,0,2024-04-17 21:23:52.757
93532000,0.0005,0,2024-04-17 21:23:52.757
93524000,0.0003,0,2024-04-17 21:23:52.757
93550000,0.2987,1,2024-04-17 21:23:52.757
93553000,0.1648,1,2024-04-17 21:23:52.757
93554000,0.0638,1,2024-04-17 21:23:52.757
93558000,0.0437,1,2024-04-17 21:23:52.757
93563000,0.0576,1,2024-04-17 21:23:52.757
93544000,0.4207,0,2024-04-17 21:23:57.839
93543000,0.001,0,2024-04-17 21:23:57.839
93534000,0.0001,0,2024-04-17 21:23:57.839
93532000,0.0005,0,2024-04-17 21:23:57.839
93524000,0.0003,0,2024-04-17 21:23:57.839
93549000,0.0502,1,2024-04-17 21:23:57.839
93550000,0.2927,1,2024-04-17 21:23:57.839
93553000,1.0648,1,2024-04-17 21:23:57.839
93554000,0.4158,1,2024-04-17 21:23:57.839
93558000,0.0437,1,2024-04-17 21:23:57.839
93516000,0.0016,0,2024-04-17 21:24:02.955
93506000,0.0003,0,2024-04-17 21:24:02.955
93504000,0.001,0,2024-04-17 21:24:02.955
93500000,0.5588,0,2024-04-17 21:24:02.955
93499000,0.0066,0,2024-04-17 21:24:02.955
93518000,0.0063,1,2024-04-17 21:24:02.955
93532000,0.352,1,2024-04-17 21:24:02.955
93548000,0.0633,1,2024-04-17 21:24:02.955
93550000,0.0023,1,2024-04-17 21:24:02.955
93553000,0.1456,1,2024-04-17 21:24:02.955
93516000,0.0019,0,2024-04-17 21:24:08.066
93506000,0.0003,0,2024-04-17 21:24:08.066
93504000,0.001,0,2024-04-17 21:24:08.066
93500000,0.5588,0,2024-04-17 21:24:08.066
93499000,0.0067,0,2024-04-17 21:24:08.066
93519000,0.0067,1,2024-04-17 21:24:08.066
93548000,0.0633,1,2024-04-17 21:24:08.066
93550000,0.0023,1,2024-04-17 21:24:08.066
93553000,0.1456,1,2024-04-17 21:24:08.066
93554000,0.352,1,2024-04-17 21:24:08.066
93500000,0.2246,0,2024-04-17 21:24:14.047
93499000,0.0067,0,2024-04-17 21:24:14.047
93493000,0.0004,0,2024-04-17 21:24:14.047
93491000,0.0014,0,2024-04-17 21:24:14.047
93485000,0.0004,0,2024-04-17 21:24:14.047
93506000,0.352,1,2024-04-17 21:24:14.047
93514000,0.057,1,2024-04-17 21:24:14.047
93515000,0.045,1,2024-04-17 21:24:14.047
93519000,0.3569,1,2024-04-17 21:24:14.047
93525000,0.9558,1,2024-04-17 21:24:14.047
93481000,0.0021,0,2024-04-17 21:24:19.176
93478000,0.0005,0,2024-04-17 21:24:19.176
93471000,0.001,0,2024-04-17 21:24:19.176
93470000,0.0001,0,2024-04-17 21:24:19.176
93464000,0.0054,0,2024-04-17 21:24:19.176
93485000,0.7056,1,2024-04-17 21:24:19.176
93499000,0.0603,1,2024-04-17 21:24:19.176
93500000,0.0975,1,2024-04-17 21:24:19.176
93505000,0.065,1,2024-04-17 21:24:19.176
93506000,0.001,1,2024-04-17 21:24:19.176
93450000,0.0058,0,2024-04-17 21:24:24.280
93443000,0.0327,0,2024-04-17 21:24:24.280
93442000,0.05,0,2024-04-17 21:24:24.280
93440000,0.001,0,2024-04-17 21:24:24.280
93433000,0.0012,0,2024-04-17 21:24:24.280
93458000,0.7002,1,2024-04-17 21:24:24.280
93459000,0.05,1,2024-04-17 21:24:24.280
93463000,0.0612,1,2024-04-17 21:24:24.280
93499000,0.9603,1,2024-04-17 21:24:24.280
93500000,0.0813,1,2024-04-17 21:24:24.280
93400000,0.0093,0,2024-04-17 21:24:29.420
93393000,0.0001,0,2024-04-17 21:24:29.420
93390000,0.0001,0,2024-04-17 21:24:29.420
93389000,0.0005,0,2024-04-17 21:24:29.420
93385000,0.0044,0,2024-04-17 21:24:29.420
93403000,0.0001,1,2024-04-17 21:24:29.420
93406000,0.2372,1,2024-04-17 21:24:29.420
93409000,0.0332,1,2024-04-17 21:24:29.420
93416000,0.0612,1,2024-04-17 21:24:29.420
93417000,0.352,1,2024-04-17 21:24:29.420
93400000,0.0001,0,2024-04-17 21:24:34.527
93393000,0.0108,0,2024-04-17 21:24:34.527
93390000,0.0001,0,2024-04-17 21:24:34.527
93389000,0.0005,0,2024-04-17 21:24:34.527
93385000,0.0044,0,2024-04-17 21:24:34.527
93403000,0.344,1,2024-04-17 21:24:34.527
93406000,0.1757,1,2024-04-17 21:24:34.527
93409000,0.0332,1,2024-04-17 21:24:34.527
93414000,0.0108,1,2024-04-17 21:24:34.527
93427000,0.0639,1,2024-04-17 21:24:34.527
93400000,0.0011,0,2024-04-17 21:24:39.793
93393000,0.0108,0,2024-04-17 21:24:39.793
93390000,0.0001,0,2024-04-17 21:24:39.793
93389000,0.0005,0,2024-04-17 21:24:39.793
93385000,0.0044,0,2024-04-17 21:24:39.793
93403000,0.3314,1,2024-04-17 21:24:39.793
93404000,0.352,1,2024-04-17 21:24:39.793
93408000,0.0624,1,2024-04-17 21:24:39.793
93409000,0.0002,1,2024-04-17 21:24:39.793
93414000,0.0108,1,2024-04-17 21:24:39.793
93390000,0.0175,0,2024-04-17 21:24:45.019
93389000,0.0005,0,2024-04-17 21:24:45.019
93385000,0.0044,0,2024-04-17 21:24:45.019
93383000,0.0103,0,2024-04-17 21:24:45.019
93380000,0.0001,0,2024-04-17 21:24:45.019
93403000,0.3256,1,2024-04-17 21:24:45.019
93404000,0.352,1,2024-04-17 21:24:45.019
93408000,0.0624,1,2024-04-17 21:24:45.019
93409000,0.0002,1,2024-04-17 21:24:45.019
93414000,0.0108,1,2024-04-17 21:24:45.019
93391000,0.0008,0,2024-04-17 21:24:50.213
93390000,0.021,0,2024-04-17 21:24:50.213
93389000,0.0005,0,2024-04-17 21:24:50.213
93385000,0.0044,0,2024-04-17 21:24:50.213
93383000,0.0103,0,2024-04-17 21:24:50.213
93401000,0.0634,1,2024-04-17 21:24:50.213
93402000,0.7073,1,2024-04-17 21:24:50.213
93403000,0.0073,1,2024-04-17 21:24:50.213
93408000,0.0624,1,2024-04-17 21:24:50.213
93409000,0.0002,1,2024-04-17 21:24:50.213
93385000,0.0028,0,2024-04-17 21:24:55.342
93383000,0.0103,0,2024-04-17 21:24:55.342
93380000,0.0001,0,2024-04-17 21:24:55.342
93379000,0.0163,0,2024-04-17 21:24:55.342
93371000,0.0005,0,2024-04-17 21:24:55.342
93401000,0.0543,1,2024-04-17 21:24:55.342
93402000,0.3552,1,2024-04-17 21:24:55.342
93403000,0.0073,1,2024-04-17 21:24:55.342
93408000,0.0624,1,2024-04-17 21:24:55.342
93409000,0.0002,1,2024-04-17 21:24:55.342
93402000,0.3742,0,2024-04-17 21:25:00.429
93383000,0.0006,0,2024-04-17 21:25:00.429
93380000,0.0001,0,2024-04-17 21:25:00.429
93379000,0.0162,0,2024-04-17 21:25:00.429
93371000,0.0005,0,2024-04-17 21:25:00.429
93403000,0.1141,1,2024-04-17 21:25:00.429
93408000,0.0624,1,2024-04-17 21:25:00.429
93409000,0.0002,1,2024-04-17 21:25:00.429
93427000,0.0639,1,2024-04-17 21:25:00.429
93447000,0.9611,1,2024-04-17 21:25:00.429
93402000,0,0,2024-04-17 21:25:05.603
93384000,0.0003,0,2024-04-17 21:25:05.603
93383000,0.0006,0,2024-04-17 21:25:05.603
93380000,2.7001,0,2024-04-17 21:25:05.603
93379000,0.0162,0,2024-04-17 21:25:05.603
93403000,0.0073,1,2024-04-17 21:25:05.603
93409000,0.0002,1,2024-04-17 21:25:05.603
93427000,0.1068,1,2024-04-17 21:25:05.603
93447000,0.0611,1,2024-04-17 21:25:05.603
93464000,0.0183,1,2024-04-17 21:25:05.603
93383000,0.0017,0,2024-04-17 21:25:10.718
93380000,0.0071,0,2024-04-17 21:25:10.718
93379000,0.0162,0,2024-04-17 21:25:10.718
93371000,0.0015,0,2024-04-17 21:25:10.718
93362000,0.001,0,2024-04-17 21:25:10.718
93402000,0.3868,1,2024-04-17 21:25:10.718
93403000,0.0002,1,2024-04-17 21:25:10.718
93425000,0.0611,1,2024-04-17 21:25:10.718
93429000,0.0608,1,2024-04-17 21:25:10.718
93447000,0.0611,1,2024-04-17 21:25:10.718
93380000,0,0,2024-04-17 21:25:15.809
93379000,0.0262,0,2024-04-17 21:25:15.809
93371000,0.0015,0,2024-04-17 21:25:15.809
93362000,0.001,0,2024-04-17 21:25:15.809
93361000,0.0031,0,2024-04-17 21:25:15.809
93402000,0.3789,1,2024-04-17 21:25:15.809
93403000,0.0002,1,2024-04-17 21:25:15.809
93425000,0.0611,1,2024-04-17 21:25:15.809
93427000,0.1068,1,2024-04-17 21:25:15.809
93447000,0.0873,1,2024-04-17 21:25:15.809
93379000,0,0,2024-04-17 21:25:20.926
93371000,0.017,0,2024-04-17 21:25:20.926
93362000,0.001,0,2024-04-17 21:25:20.926
93361000,0.0031,0,2024-04-17 21:25:20.926
93360000,0.0022,0,2024-04-17 21:25:20.926
93402000,0.4226,1,2024-04-17 21:25:20.926
93403000,0.0002,1,2024-04-17 21:25:20.926
93404000,0.352,1,2024-04-17 21:25:20.926
93425000,0.0611,1,2024-04-17 21:25:20.926
93434000,0.1068,1,2024-04-17 21:25:20.926
93371000,0.0002,0,2024-04-17 21:25:26.388
93362000,0.001,0,2024-04-17 21:25:26.388
93361000,0.0131,0,2024-04-17 21:25:26.388
93360000,0.0022,0,2024-04-17 21:25:26.388
93355000,0.005,0,2024-04-17 21:25:26.388
93402000,0.4226,1,2024-04-17 21:25:26.388
93403000,0.0572,1,2024-04-17 21:25:26.388
93415000,0.1068,1,2024-04-17 21:25:26.388
93420000,0.352,1,2024-04-17 21:25:26.388
93425000,0.0611,1,2024-04-17 21:25:26.388
93360000,0.0065,0,2024-04-17 21:25:31.476
93355000,0.005,0,2024-04-17 21:25:31.476
93350000,0.0128,0,2024-04-17 21:25:31.476
93348000,0.0003,0,2024-04-17 21:25:31.476
93344000,0.907,0,2024-04-17 21:25:31.476
93361000,0.0123,1,2024-04-17 21:25:31.476
93401000,0.1068,1,2024-04-17 21:25:31.476
93402000,0.4257,1,2024-04-17 21:25:31.476
93403000,0.4092,1,2024-04-17 21:25:31.476
93425000,0.0611,1,2024-04-17 21:25:31.476
93360000,0.0032,0,2024-04-17 21:25:36.580
93355000,0.0691,0,2024-04-17 21:25:36.580
93350000,0.0128,0,2024-04-17 21:25:36.580
93348000,0.0003,0,2024-04-17 21:25:36.580
93344000,0.017,0,2024-04-17 21:25:36.580
93361000,0.0123,1,2024-04-17 21:25:36.580
93402000,0.3726,1,2024-04-17 21:25:36.580
93403000,0.4092,1,2024-04-17 21:25:36.580
93423000,0.0128,1,2024-04-17 21:25:36.580
93425000,0.0611,1,2024-04-17 21:25:36.580
93355000,0.0269,0,2024-04-17 21:25:41.675
93350000,0.0167,0,2024-04-17 21:25:41.675
93348000,0.0003,0,2024-04-17 21:25:41.675
93344000,0.0168,0,2024-04-17 21:25:41.675
93341000,0.0139,0,2024-04-17 21:25:41.675
93360000,0.0721,1,2024-04-17 21:25:41.675
93361000,0.0123,1,2024-04-17 21:25:41.675
93401000,0.041,1,2024-04-17 21:25:41.675
93402000,0.3726,1,2024-04-17 21:25:41.675
93403000,0.4092,1,2024-04-17 21:25:41.675
93330000,2.4988,0,2024-04-17 21:25:46.856
93327000,0.352,0,2024-04-17 21:25:46.856
93320000,0.0013,0,2024-04-17 21:25:46.856
93316000,0.0004,0,2024-04-17 21:25:46.856
93300000,0.0701,0,2024-04-17 21:25:46.856
93360000,0.0704,1,2024-04-17 21:25:46.856
93361000,0.0123,1,2024-04-17 21:25:46.856
93396000,0.041,1,2024-04-17 21:25:46.856
93397000,0.1068,1,2024-04-17 21:25:46.856
93401000,0.0002,1,2024-04-17 21:25:46.856
93355000,0.0016,0,2024-04-17 21:25:52.072
93330000,1.8002,0,2024-04-17 21:25:52.072
93327000,1.252,0,2024-04-17 21:25:52.072
93320000,0.0113,0,2024-04-17 21:25:52.072
93316000,0.0015,0,2024-04-17 21:25:52.072
93360000,0.0704,1,2024-04-17 21:25:52.072
93361000,0.0123,1,2024-04-17 21:25:52.072
93394000,0.1068,1,2024-04-17 21:25:52.072
93401000,0.0422,1,2024-04-17 21:25:52.072
93402000,0.3726,1,2024-04-17 21:25:52.072
93355000,0.0016,0,2024-04-17 21:25:57.167
93330000,1.8002,0,2024-04-17 21:25:57.167
93327000,0.9,0,2024-04-17 21:25:57.167
93320000,0.0113,0,2024-04-17 21:25:57.167
93316000,0.0015,0,2024-04-17 21:25:57.167
93360000,0.0641,1,2024-04-17 21:25:57.167
93361000,0.0123,1,2024-04-17 21:25:57.167
93401000,0.0488,1,2024-04-17 21:25:57.167
93402000,0.3726,1,2024-04-17 21:25:57.167
93403000,0.0572,1,2024-04-17 21:25:57.167
93355000,0.0016,0,2024-04-17 21:26:02.313
93331000,0.0002,0,2024-04-17 21:26:02.313
93330000,0.0002,0,2024-04-17 21:26:02.313
93320000,0.0113,0,2024-04-17 21:26:02.313
93318000,0.001,0,2024-04-17 21:26:02.313
93360000,0.0636,1,2024-04-17 21:26:02.313
93361000,0.0123,1,2024-04-17 21:26:02.313
93401000,0.0488,1,2024-04-17 21:26:02.313
93402000,0.3726,1,2024-04-17 21:26:02.313
93403000,0.0572,1,2024-04-17 21:26:02.313
93355000,0.0346,0,2024-04-17 21:26:07.441
93341000,0.0016,0,2024-04-17 21:26:07.441
93331000,0.0141,0,2024-04-17 21:26:07.441
93320000,0.0113,0,2024-04-17 21:26:07.441
93318000,0.001,0,2024-04-17 21:26:07.441
93360000,0.0529,1,2024-04-17 21:26:07.441
93361000,0.0123,1,2024-04-17 21:26:07.441
93379000,0.1685,1,2024-04-17 21:26:07.441
93381000,0.0141,1,2024-04-17 21:26:07.441
93395000,0.352,1,2024-04-17 21:26:07.441
93355000,0.0346,0,2024-04-17 21:26:12.682
93341000,0.0016,0,2024-04-17 21:26:12.682
93331000,0.0141,0,2024-04-17 21:26:12.682
93330000,0.0027,0,2024-04-17 21:26:12.682
93320000,0.0113,0,2024-04-17 21:26:12.682
93360000,0.1376,1,2024-04-17 21:26:12.682
93361000,0.0123,1,2024-04-17 21:26:12.682
93366000,0.0346,1,2024-04-17 21:26:12.682
93378000,0.0358,1,2024-04-17 21:26:12.682
93379000,0.0617,1,2024-04-17 21:26:12.682
93355000,0.0303,0,2024-04-17 21:26:17.921
93341000,0.0016,0,2024-04-17 21:26:17.921
93340000,0.0106,0,2024-04-17 21:26:17.921
93331000,0.0141,0,2024-04-17 21:26:17.921
93330000,0.0031,0,2024-04-17 21:26:17.921
93360000,0.131,1,2024-04-17 21:26:17.921
93361000,0.0123,1,2024-04-17 21:26:17.921
93374000,0.0356,1,2024-04-17 21:26:17.921
93375000,0.352,1,2024-04-17 21:26:17.921
93379000,0.0617,1,2024-04-17 21:26:17.921
93355000,0.0361,0,2024-04-17 21:26:23.128
93340000,0.0106,0,2024-04-17 21:26:23.128
93331000,0.0141,0,2024-04-17 21:26:23.128
93330000,0.0031,0,2024-04-17 21:26:23.128
93320000,0.0113,0,2024-04-17 21:26:23.128
93360000,0.131,1,2024-04-17 21:26:23.128
93375000,0.352,1,2024-04-17 21:26:23.128
93379000,0.0617,1,2024-04-17 21:26:23.128
93397000,0.352,1,2024-04-17 21:26:23.128
93401000,0.0002,1,2024-04-17 21:26:23.128
93356000,0.8619,0,2024-04-17 21:26:28.342
93355000,0.0049,0,2024-04-17 21:26:28.342
93350000,0.0005,0,2024-04-17 21:26:28.342
93340000,0.0112,0,2024-04-17 21:26:28.342
93331000,0.0141,0,2024-04-17 21:26:28.342
93392000,0.0639,1,2024-04-17 21:26:28.342
93394000,0.0553,1,2024-04-17 21:26:28.342
93395000,0.0652,1,2024-04-17 21:26:28.342
93396000,0.1068,1,2024-04-17 21:26:28.342
93397000,0.7967,1,2024-04-17 21:26:28.342
93299000,0.0208,0,2024-04-17 21:26:33.460
93294000,0.0013,0,2024-04-17 21:26:33.460
93290000,0.002,0,2024-04-17 21:26:33.460
93289000,0.0001,0,2024-04-17 21:26:33.460
93283000,0.0024,0,2024-04-17 21:26:33.460
93355000,0.0628,1,2024-04-17 21:26:33.460
93356000,0.0004,1,2024-04-17 21:26:33.460
93390000,0.0587,1,2024-04-17 21:26:33.460
93391000,0.1035,1,2024-04-17 21:26:33.460
93394000,0.0553,1,2024-04-17 21:26:33.460
93300000,0,0,2024-04-17 21:26:38.627
93299000,0.0208,0,2024-04-17 21:26:38.627
93294000,0.0013,0,2024-04-17 21:26:38.627
93290000,0.002,0,2024-04-17 21:26:38.627
93289000,0.0001,0,2024-04-17 21:26:38.627
93353000,0.0204,1,2024-04-17 21:26:38.627
93354000,0.1068,1,2024-04-17 21:26:38.627
93355000,0.0596,1,2024-04-17 21:26:38.627
93356000,0.0215,1,2024-04-17 21:26:38.627
93390000,0.0587,1,2024-04-17 21:26:38.627
93261000,0.0034,0,2024-04-17 21:26:43.724
93257000,0.0083,0,2024-04-17 21:26:43.724
93256000,0.0014,0,2024-04-17 21:26:43.724
93255000,0.2245,0,2024-04-17 21:26:43.724
93253000,0.9432,0,2024-04-17 21:26:43.724
93352000,0.1069,1,2024-04-17 21:26:43.724
93353000,0.0204,1,2024-04-17 21:26:43.724
93355000,0.08,1,2024-04-17 21:26:43.724
93356000,0.0215,1,2024-04-17 21:26:43.724
93390000,0.9587,1,2024-04-17 21:26:43.724
93255000,0.0909,0,2024-04-17 21:26:48.865
93253000,0.0432,0,2024-04-17 21:26:48.865
93252000,2.6595,0,2024-04-17 21:26:48.865
93251000,1.004,0,2024-04-17 21:26:48.865
93250000,0.3001,0,2024-04-17 21:26:48.865
93349000,0.054,1,2024-04-17 21:26:48.865
93350000,0.1069,1,2024-04-17 21:26:48.865
93352000,0.0536,1,2024-04-17 21:26:48.865
93353000,0.0204,1,2024-04-17 21:26:48.865
93355000,0.087,1,2024-04-17 21:26:48.865
93255000,0.0217,0,2024-04-17 21:26:53.989
93253000,0.1335,0,2024-04-17 21:26:53.989
93252000,0.0235,0,2024-04-17 21:26:53.989
93251000,1.004,0,2024-04-17 21:26:53.989
93250000,0.3002,0,2024-04-17 21:26:53.989
93344000,0.0627,1,2024-04-17 21:26:53.989
93345000,0.9617,1,2024-04-17 21:26:53.989
93346000,0.1668,1,2024-04-17 21:26:53.989
93349000,0.0534,1,2024-04-17 21:26:53.989
93350000,0.0001,1,2024-04-17 21:26:53.989
93253000,0.0892,0,2024-04-17 21:26:59.275
93252000,0.0235,0,2024-04-17 21:26:59.275
93251000,1.0042,0,2024-04-17 21:26:59.275
93250000,0.3002,0,2024-04-17 21:26:59.275
93249000,0.0128,0,2024-04-17 21:26:59.275
93342000,0.0307,1,2024-04-17 21:26:59.275
93343000,0.1069,1,2024-04-17 21:26:59.275
93344000,0.0627,1,2024-04-17 21:26:59.275
93345000,0.9619,1,2024-04-17 21:26:59.275
93350000,0.0001,1,2024-04-17 21:26:59.275
93251000,3.7909,0,2024-04-17 21:27:04.503
93250000,0.3002,0,2024-04-17 21:27:04.503
93249000,0.0128,0,2024-04-17 21:27:04.503
93247000,0.0004,0,2024-04-17 21:27:04.503
93245000,0.0619,0,2024-04-17 21:27:04.503
93325000,0.1069,1,2024-04-17 21:27:04.503
93326000,0.0652,1,2024-04-17 21:27:04.503
93333000,0.0621,1,2024-04-17 21:27:04.503
93345000,0.0002,1,2024-04-17 21:27:04.503
93350000,0.0001,1,2024-04-17 21:27:04.503
93325000,0.0004,0,2024-04-17 21:27:09.613
93254000,0.1291,0,2024-04-17 21:27:09.613
93253000,1.0318,0,2024-04-17 21:27:09.613
93251000,2.9045,0,2024-04-17 21:27:09.613
93250000,0.3002,0,2024-04-17 21:27:09.613
93329000,0.1069,1,2024-04-17 21:27:09.613
93333000,0.0621,1,2024-04-17 21:27:09.613
93345000,0.0002,1,2024-04-17 21:27:09.613
93349000,0.0555,1,2024-04-17 21:27:09.613
93350000,0.0001,1,2024-04-17 21:27:09.613
93253000,0.1882,0,2024-04-17 21:27:14.709
93251000,1.1045,0,2024-04-17 21:27:14.709
93250000,0.3002,0,2024-04-17 21:27:14.709
93249000,0.0128,0,2024-04-17 21:27:14.709
93247000,0.0004,0,2024-04-17 21:27:14.709
93269000,0.0771,1,2024-04-17 21:27:14.709
93295000,0.0639,1,2024-04-17 21:27:14.709
93307000,0.0624,1,2024-04-17 21:27:14.709
93325000,0.0001,1,2024-04-17 21:27:14.709
93327000,0.0636,1,2024-04-17 21:27:14.709
93253000,0,0,2024-04-17 21:27:19.879
93251000,1.0284,0,2024-04-17 21:27:19.879
93250000,0.3002,0,2024-04-17 21:27:19.879
93249000,0.0128,0,2024-04-17 21:27:19.879
93247000,0.0004,0,2024-04-17 21:27:19.879
93269000,0.0754,1,2024-04-17 21:27:19.879
93283000,0.0002,1,2024-04-17 21:27:19.879
93287000,0.0577,1,2024-04-17 21:27:19.879
93295000,0.0002,1,2024-04-17 21:27:19.879
93307000,0.0624,1,2024-04-17 21:27:19.879
93251000,0.5676,0,2024-04-17 21:27:25.061
93250000,0.3002,0,2024-04-17 21:27:25.061
93249000,0.0128,0,2024-04-17 21:27:25.061
93247000,0.0004,0,2024-04-17 21:27:25.061
93242000,0.0018,0,2024-04-17 21:27:25.061
93269000,0.0526,1,2024-04-17 21:27:25.061
93275000,0.0577,1,2024-04-17 21:27:25.061
93283000,0.0002,1,2024-04-17 21:27:25.061
93286000,0.0581,1,2024-04-17 21:27:25.061
93287000,0.0577,1,2024-04-17 21:27:25.061
93251000,0.623,0,2024-04-17 21:27:30.206
93250000,0.3002,0,2024-04-17 21:27:30.206
93249000,0.0128,0,2024-04-17 21:27:30.206
93247000,0.0004,0,2024-04-17 21:27:30.206
93242000,0.0018,0,2024-04-17 21:27:30.206
93269000,0.0251,1,2024-04-17 21:27:30.206
93283000,0.0002,1,2024-04-17 21:27:30.206
93286000,0.0566,1,2024-04-17 21:27:30.206
93287000,0.0577,1,2024-04-17 21:27:30.206
93295000,0.0002,1,2024-04-17 21:27:30.206
93253000,0,0,2024-04-17 21:27:35.308
93251000,0.4505,0,2024-04-17 21:27:35.308
93250000,0.3002,0,2024-04-17 21:27:35.308
93249000,0.0128,0,2024-04-17 21:27:35.308
93247000,0.0026,0,2024-04-17 21:27:35.308
93269000,0.025,1,2024-04-17 21:27:35.308
93278000,0.0566,1,2024-04-17 21:27:35.308
93283000,0.0002,1,2024-04-17 21:27:35.308
93286000,0.0591,1,2024-04-17 21:27:35.308
93287000,0.0577,1,2024-04-17 21:27:35.308
93250000,0.3009,0,2024-04-17 21:27:40.414
93249000,0.0141,0,2024-04-17 21:27:40.414
93247000,0.0026,0,2024-04-17 21:27:40.414
93244000,0.001,0,2024-04-17 21:27:40.414
93242000,0.0018,0,2024-04-17 21:27:40.414
93251000,0.0745,1,2024-04-17 21:27:40.414
93324000,0.0549,1,2024-04-17 21:27:40.414
93325000,0.0269,1,2024-04-17 21:27:40.414
93328000,0.0639,1,2024-04-17 21:27:40.414
93345000,0.0002,1,2024-04-17 21:27:40.414
93251000,0.4285,0,2024-04-17 21:27:45.663
93242000,0,0,2024-04-17 21:27:45.663
93241000,0.001,0,2024-04-17 21:27:45.663
93240000,0.0248,0,2024-04-17 21:27:45.663
93233000,0.0063,0,2024-04-17 21:27:45.663
93252000,0.9546,1,2024-04-17 21:27:45.663
93279000,0.0539,1,2024-04-17 21:27:45.663
93280000,0.1069,1,2024-04-17 21:27:45.663
93324000,0.0549,1,2024-04-17 21:27:45.663
93325000,0.0268,1,2024-04-17 21:27:45.663
93202000,0.0309,0,2024-04-17 21:27:50.845
93201000,0.0055,0,2024-04-17 21:27:50.845
93200000,2.5576,0,2024-04-17 21:27:50.845
93199000,0.0133,0,2024-04-17 21:27:50.845
93198000,0.0004,0,2024-04-17 21:27:50.845
93209000,0.064,1,2024-04-17 21:27:50.845
93210000,0.0173,1,2024-04-17 21:27:50.845
93223000,0.065,1,2024-04-17 21:27:50.845
93247000,0.1069,1,2024-04-17 21:27:50.845
93248000,0.063,1,2024-04-17 21:27:50.845
93200000,1.8379,0,2024-04-17 21:27:56.089
93199000,0.0133,0,2024-04-17 21:27:56.089
93198000,0.0004,0,2024-04-17 21:27:56.089
93197000,0.001,0,2024-04-17 21:27:56.089
93195000,0.001,0,2024-04-17 21:27:56.089
93202000,0.0047,1,2024-04-17 21:27:56.089
93205000,0.1069,1,2024-04-17 21:27:56.089
93209000,0.061,1,2024-04-17 21:27:56.089
93227000,0.0574,1,2024-04-17 21:27:56.089
93248000,0.063,1,2024-04-17 21:27:56.089
93200000,0.0877,0,2024-04-17 21:28:01.205
93199000,0.0133,0,2024-04-17 21:28:01.205
93198000,0.0004,0,2024-04-17 21:28:01.205
93197000,0.001,0,2024-04-17 21:28:01.205
93195000,0.0011,0,2024-04-17 21:28:01.205
93204000,0.0557,1,2024-04-17 21:28:01.205
93205000,0.081,1,2024-04-17 21:28:01.205
93209000,0.061,1,2024-04-17 21:28:01.205
93227000,0.0574,1,2024-04-17 21:28:01.205
93240000,0.0286,1,2024-04-17 21:28:01.205
93163000,0.0106,0,2024-04-17 21:28:06.311
93162000,0.0007,0,2024-04-17 21:28:06.311
93161000,0.0043,0,2024-04-17 21:28:06.311
93160000,0.0006,0,2024-04-17 21:28:06.311
93159000,0.0007,0,2024-04-17 21:28:06.311
93187000,0.0077,1,2024-04-17 21:28:06.311
93200000,0.0856,1,2024-04-17 21:28:06.311
93205000,0.0002,1,2024-04-17 21:28:06.311
93227000,0.0574,1,2024-04-17 21:28:06.311
93240000,0.0286,1,2024-04-17 21:28:06.311
93132000,0.0083,0,2024-04-17 21:28:12.161
93131000,0.0002,0,2024-04-17 21:28:12.161
93130000,0.0029,0,2024-04-17 21:28:12.161
93129000,0.0007,0,2024-04-17 21:28:12.161
93128000,0.002,0,2024-04-17 21:28:12.161
93134000,0.0104,1,2024-04-17 21:28:12.161
93135000,0.01,1,2024-04-17 21:28:12.161
93142000,0.0163,1,2024-04-17 21:28:12.161
93188000,0.107,1,2024-04-17 21:28:12.161
93189000,0.1239,1,2024-04-17 21:28:12.161
93131000,0.0002,0,2024-04-17 21:28:17.869
93130000,0.0029,0,2024-04-17 21:28:17.869
93129000,0.0007,0,2024-04-17 21:28:17.869
93128000,0.002,0,2024-04-17 21:28:17.869
93126000,0.0016,0,2024-04-17 21:28:17.869
93132000,0.2327,1,2024-04-17 21:28:17.869
93133000,0.0064,1,2024-04-17 21:28:17.869
93134000,0.0536,1,2024-04-17 21:28:17.869
93150000,0.1395,1,2024-04-17 21:28:17.869
93186000,0.9762,1,2024-04-17 21:28:17.869
93105000,0.1861,0,2024-04-17 21:28:23.599
93104000,0.0009,0,2024-04-17 21:28:23.599
93103000,0.0118,0,2024-04-17 21:28:23.599
93102000,0.0267,0,2024-04-17 21:28:23.599
93101000,0.3619,0,2024-04-17 21:28:23.599
93132000,0.2095,1,2024-04-17 21:28:23.599
93133000,0.0064,1,2024-04-17 21:28:23.599
93134000,0.0536,1,2024-04-17 21:28:23.599
93150000,0.1395,1,2024-04-17 21:28:23.599
93162000,0.0538,1,2024-04-17 21:28:23.599
93104000,0.0009,0,2024-04-17 21:28:29.391
93103000,0.0118,0,2024-04-17 21:28:29.391
93102000,0.0267,0,2024-04-17 21:28:29.391
93101000,0.362,0,2024-04-17 21:28:29.391
93100000,4.0375,0,2024-04-17 21:28:29.391
93133000,0.0044,1,2024-04-17 21:28:29.391
93134000,0.0536,1,2024-04-17 21:28:29.391
93150000,0.1395,1,2024-04-17 21:28:29.391
93161000,0.0121,1,2024-04-17 21:28:29.391
93162000,0.0538,1,2024-04-17 21:28:29.391
93102000,0,0,2024-04-17 21:28:35.453
93101000,0.362,0,2024-04-17 21:28:35.453
93100000,4.0376,0,2024-04-17 21:28:35.453
93099000,0.0315,0,2024-04-17 21:28:35.453
93097000,0.0011,0,2024-04-17 21:28:35.453
93133000,0.0641,1,2024-04-17 21:28:35.453
93134000,0.0506,1,2024-04-17 21:28:35.453
93135000,0.0696,1,2024-04-17 21:28:35.453
93150000,0.1395,1,2024-04-17 21:28:35.453
93162000,0.0538,1,2024-04-17 21:28:35.453
93100000,1.7095,0,2024-04-17 21:28:41.276
93099000,0.0315,0,2024-04-17 21:28:41.276
93097000,0.001,0,2024-04-17 21:28:41.276
93096000,0.012,0,2024-04-17 21:28:41.276
93095000,0.0001,0,2024-04-17 21:28:41.276
93104000,0.0037,1,2024-04-17 21:28:41.276
93133000,0.1036,1,2024-04-17 21:28:41.276
93134000,0.0506,1,2024-04-17 21:28:41.276
93135000,0.0696,1,2024-04-17 21:28:41.276
93150000,0.1397,1,2024-04-17 21:28:41.276
93135000,0.0564,0,2024-04-17 21:28:47.011
93134000,1.8018,0,2024-04-17 21:28:47.011
93107000,0.0547,0,2024-04-17 21:28:47.011
93102000,0.0631,0,2024-04-17 21:28:47.011
93101000,0.1893,0,2024-04-17 21:28:47.011
93136000,0.0605,1,2024-04-17 21:28:47.011
93150000,0.0312,1,2024-04-17 21:28:47.011
93176000,0.107,1,2024-04-17 21:28:47.011
93181000,0.107,1,2024-04-17 21:28:47.011
93186000,0.0254,1,2024-04-17 21:28:47.011
93135000,0.0559,0,2024-04-17 21:28:52.760
93134000,1.802,0,2024-04-17 21:28:52.760
93107000,0.0751,0,2024-04-17 21:28:52.760
93102000,0.0641,0,2024-04-17 21:28:52.760
93101000,0.1947,0,2024-04-17 21:28:52.760
93176000,0.1064,1,2024-04-17 21:28:52.760
93188000,0.0002,1,2024-04-17 21:28:52.760
93189000,0.0002,1,2024-04-17 21:28:52.760
93192000,0.107,1,2024-04-17 21:28:52.760
93200000,0.001,1,2024-04-17 21:28:52.760
93165000,0.0598,0,2024-04-17 21:28:59.327
93164000,0.0588,0,2024-04-17 21:28:59.327
93161000,0.0556,0,2024-04-17 21:28:59.327
93159000,0.0002,0,2024-04-17 21:28:59.327
93157000,0.0392,0,2024-04-17 21:28:59.327
93250000,0.0597,1,2024-04-17 21:28:59.327
93252000,0,1,2024-04-17 21:28:59.327
93255000,0.1069,1,2024-04-17 21:28:59.327
93265000,0.0015,1,2024-04-17 21:28:59.327
93266000,0.0013,1,2024-04-17 21:28:59.327
93265000,0.0104,0,2024-04-17 21:29:05.053
93255000,0.0107,0,2024-04-17 21:29:05.053
93192000,0.0642,0,2024-04-17 21:29:05.053
93174000,0.0645,0,2024-04-17 21:29:05.053
93173000,1.0892,0,2024-04-17 21:29:05.053
93266000,0.0013,1,2024-04-17 21:29:05.053
93270000,0.0001,1,2024-04-17 21:29:05.053
93281000,0.0002,1,2024-04-17 21:29:05.053
93283000,0.0013,1,2024-04-17 21:29:05.053
93290000,0.9021,1,2024-04-17 21:29:05.053
93265000,0.0095,0,2024-04-17 21:29:10.822
93228000,0.0564,0,2024-04-17 21:29:10.822
93180000,1.8799,0,2024-04-17 21:29:10.822
93179000,0.3,0,2024-04-17 21:29:10.822
93176000,0.0784,0,2024-04-17 21:29:10.822
93281000,0.0002,1,2024-04-17 21:29:10.822
93283000,0.0013,1,2024-04-17 21:29:10.822
93290000,0.0021,1,2024-04-17 21:29:10.822
93313000,0.9615,1,2024-04-17 21:29:10.822
93320000,0.0001,1,2024-04-17 21:29:10.822
93255000,0.0205,0,2024-04-17 21:29:16.546
93229000,0.1498,0,2024-04-17 21:29:16.546
93228000,0.0001,0,2024-04-17 21:29:16.546
93220000,0.0615,0,2024-04-17 21:29:16.546
93188000,0.0588,0,2024-04-17 21:29:16.546
93280000,0.0284,1,2024-04-17 21:29:16.546
93281000,0.0002,1,2024-04-17 21:29:16.546
93282000,0.0238,1,2024-04-17 21:29:16.546
93283000,0.0013,1,2024-04-17 21:29:16.546
93290000,0.0021,1,2024-04-17 21:29:16.546
93280000,0.0289,0,2024-04-17 21:29:22.427
93255000,0,0,2024-04-17 21:29:22.427
93230000,0.0193,0,2024-04-17 21:29:22.427
93228000,0.0001,0,2024-04-17 21:29:22.427
93221000,0.1474,0,2024-04-17 21:29:22.427
93281000,0.0002,1,2024-04-17 21:29:22.427
93282000,0.0238,1,2024-04-17 21:29:22.427
93283000,0.0013,1,2024-04-17 21:29:22.427
93290000,0.1089,1,2024-04-17 21:29:22.427
93305000,0.352,1,2024-04-17 21:29:22.427
93230000,0.5002,0,2024-04-17 21:29:28.224
93228000,0.038,0,2024-04-17 21:29:28.224
93221000,0.0002,0,2024-04-17 21:29:28.224
93208000,0.0544,0,2024-04-17 21:29:28.224
93200000,0.0225,0,2024-04-17 21:29:28.224
93279000,0.0002,1,2024-04-17 21:29:28.224
93280000,0.0368,1,2024-04-17 21:29:28.224
93281000,0.0002,1,2024-04-17 21:29:28.224
93282000,0.0238,1,2024-04-17 21:29:28.224
93283000,0.0013,1,2024-04-17 21:29:28.224
93231000,0,0,2024-04-17 21:29:33.481
93230000,0.3575,0,2024-04-17 21:29:33.481
93228000,0.038,0,2024-04-17 21:29:33.481
93221000,0.0002,0,2024-04-17 21:29:33.481
93208000,0.0544,0,2024-04-17 21:29:33.481
93279000,0.1066,1,2024-04-17 21:29:33.481
93280000,0.3856,1,2024-04-17 21:29:33.481
93281000,0.0002,1,2024-04-17 21:29:33.481
93282000,0.0238,1,2024-04-17 21:29:33.481
93283000,0.0013,1,2024-04-17 21:29:33.481
93228000,0,0,2024-04-17 21:29:39.601
93200000,0.0225,0,2024-04-17 21:29:39.601
93188000,0.0589,0,2024-04-17 21:29:39.601
93179000,0.0002,0,2024-04-17 21:29:39.601
93173000,0.0006,0,2024-04-17 21:29:39.601
93239000,0.0002,1,2024-04-17 21:29:39.601
93265000,0.0859,1,2024-04-17 21:29:39.601
93267000,0.352,1,2024-04-17 21:29:39.601
93269000,0.0593,1,2024-04-17 21:29:39.601
93279000,0.1005,1,2024-04-17 21:29:39.601
93230000,0.006,0,2024-04-17 21:29:44.808
93228000,0,0,2024-04-17 21:29:44.808
93200000,0.0225,0,2024-04-17 21:29:44.808
93188000,0.0589,0,2024-04-17 21:29:44.808
93180000,0.0002,0,2024-04-17 21:29:44.808
93264000,0.1068,1,2024-04-17 21:29:44.808
93266000,0.0225,1,2024-04-17 21:29:44.808
93267000,0.352,1,2024-04-17 21:29:44.808
93269000,0.0593,1,2024-04-17 21:29:44.808
93280000,0.0336,1,2024-04-17 21:29:44.808
93228000,0.0054,0,2024-04-17 21:29:50.003
93201000,0.0726,0,2024-04-17 21:29:50.003
93200000,0.0225,0,2024-04-17 21:29:50.003
93188000,0.0589,0,2024-04-17 21:29:50.003
93180000,0.0002,0,2024-04-17 21:29:50.003
93265000,0.1069,1,2024-04-17 21:29:50.003
93280000,0.0336,1,2024-04-17 21:29:50.003
93281000,0.0002,1,2024-04-17 21:29:50.003
93283000,0.0013,1,2024-04-17 21:29:50.003
93290000,0.0021,1,2024-04-17 21:29:50.003
93201000,0.0643,0,2024-04-17 21:29:55.150
93200000,0.0349,0,2024-04-17 21:29:55.150
93188000,0.0589,0,2024-04-17 21:29:55.150
93180000,0.0002,0,2024-04-17 21:29:55.150
93179000,0.006,0,2024-04-17 21:29:55.150
93230000,0.0974,1,2024-04-17 21:29:55.150
93264000,0.0763,1,2024-04-17 21:29:55.150
93265000,0.1069,1,2024-04-17 21:29:55.150
93267000,0.352,1,2024-04-17 21:29:55.150
93274000,0.064,1,2024-04-17 21:29:55.150
93200000,0.0316,0,2024-04-17 21:30:00.263
93188000,0.0001,0,2024-04-17 21:30:00.263
93180000,0.0072,0,2024-04-17 21:30:00.263
93179000,0.006,0,2024-04-17 21:30:00.263
93176000,0.0534,0,2024-04-17 21:30:00.263
93201000,0.0075,1,2024-04-17 21:30:00.263
93230000,0.0844,1,2024-04-17 21:30:00.263
93242000,0.1069,1,2024-04-17 21:30:00.263
93245000,0.0748,1,2024-04-17 21:30:00.263
93246000,0.0349,1,2024-04-17 21:30:00.263
93176000,0.0535,0,2024-04-17 21:30:05.384
93173000,0.0183,0,2024-04-17 21:30:05.384
93160000,0.0751,0,2024-04-17 21:30:05.384
93154000,0.02,0,2024-04-17 21:30:05.384
93153000,0.0213,0,2024-04-17 21:30:05.384
93179000,0.0075,1,2024-04-17 21:30:05.384
93199000,0.0032,1,2024-04-17 21:30:05.384
93213000,0.0623,1,2024-04-17 21:30:05.384
93227000,0.0763,1,2024-04-17 21:30:05.384
93228000,0.062,1,2024-04-17 21:30:05.384
93201000,0.0005,0,2024-04-17 21:30:10.745
93199000,0.0027,0,2024-04-17 21:30:10.745
93187000,0.0575,0,2024-04-17 21:30:10.745
93180000,0.0001,0,2024-04-17 21:30:10.745
93176000,0.0543,0,2024-04-17 21:30:10.745
93230000,0.0843,1,2024-04-17 21:30:10.745
93252000,0.1069,1,2024-04-17 21:30:10.745
93270000,0.0581,1,2024-04-17 21:30:10.745
93281000,0.0002,1,2024-04-17 21:30:10.745
93283000,0.0013,1,2024-04-17 21:30:10.745
93203000,0.0079,0,2024-04-17 21:30:15.990
93202000,0.03,0,2024-04-17 21:30:15.990
93201000,0.0107,0,2024-04-17 21:30:15.990
93200000,0.0002,0,2024-04-17 21:30:15.990
93199000,1.8562,0,2024-04-17 21:30:15.990
93230000,0.0843,1,2024-04-17 21:30:15.990
93271000,0.0625,1,2024-04-17 21:30:15.990
93276000,0.1069,1,2024-04-17 21:30:15.990
93281000,0.0002,1,2024-04-17 21:30:15.990
93283000,0.0013,1,2024-04-17 21:30:15.990
93229000,0.9331,0,2024-04-17 21:30:21.375
93203000,0.0032,0,2024-04-17 21:30:21.375
93202000,0.0032,0,2024-04-17 21:30:21.375
93201000,0.0107,0,2024-04-17 21:30:21.375
93200000,0.0004,0,2024-04-17 21:30:21.375
93230000,0.0832,1,2024-04-17 21:30:21.375
93235000,0.352,1,2024-04-17 21:30:21.375
93249000,0.0573,1,2024-04-17 21:30:21.375
93271000,0.0625,1,2024-04-17 21:30:21.375
93281000,0.3522,1,2024-04-17 21:30:21.375
93229000,0.8725,0,2024-04-17 21:30:26.730
93203000,0.0105,0,2024-04-17 21:30:26.730
93202000,0.0032,0,2024-04-17 21:30:26.730
93201000,0.0217,0,2024-04-17 21:30:26.730
93200000,0.0004,0,2024-04-17 21:30:26.730
93230000,0.3993,1,2024-04-17 21:30:26.730
93271000,0.0625,1,2024-04-17 21:30:26.730
93273000,0.1069,1,2024-04-17 21:30:26.730
93281000,0.0002,1,2024-04-17 21:30:26.730
93283000,0.0013,1,2024-04-17 21:30:26.730
93229000,0.3864,0,2024-04-17 21:30:31.837
93203000,0.0107,0,2024-04-17 21:30:31.837
93202000,0.0042,0,2024-04-17 21:30:31.837
93201000,0.0217,0,2024-04-17 21:30:31.837
93200000,0.0712,0,2024-04-17 21:30:31.837
93230000,0.225,1,2024-04-17 21:30:31.837
93271000,0.0625,1,2024-04-17 21:30:31.837
93274000,0.352,1,2024-04-17 21:30:31.837
93276000,0.107,1,2024-04-17 21:30:31.837
93281000,0.0002,1,2024-04-17 21:30:31.837
93229000,0.2272,0,2024-04-17 21:30:37.034
93212000,0.352,0,2024-04-17 21:30:37.034
93203000,0.011,0,2024-04-17 21:30:37.034
93202000,0.0042,0,2024-04-17 21:30:37.034
93201000,0.0217,0,2024-04-17 21:30:37.034
93230000,0.162,1,2024-04-17 21:30:37.034
93251000,0.0556,1,2024-04-17 21:30:37.034
93271000,0.1517,1,2024-04-17 21:30:37.034
93272000,0.0544,1,2024-04-17 21:30:37.034
93281000,0.0002,1,2024-04-17 21:30:37.034
93229000,0.0672,0,2024-04-17 21:30:42.153
93212000,0.3522,0,2024-04-17 21:30:42.153
93203000,0.011,0,2024-04-17 21:30:42.153
93202000,0.0042,0,2024-04-17 21:30:42.153
93201000,0.0217,0,2024-04-17 21:30:42.153
93230000,0.1493,1,2024-04-17 21:30:42.153
93263000,0.107,1,2024-04-17 21:30:42.153
93271000,0.1525,1,2024-04-17 21:30:42.153
93272000,0.0544,1,2024-04-17 21:30:42.153
93281000,0.0002,1,2024-04-17 21:30:42.153
93203000,0.0075,0,2024-04-17 21:30:47.268
93202000,0.0043,0,2024-04-17 21:30:47.268
93201000,0.0217,0,2024-04-17 21:30:47.268
93200000,0.1608,0,2024-04-17 21:30:47.268
93199000,1.8091,0,2024-04-17 21:30:47.268
93230000,0.1372,1,2024-04-17 21:30:47.268
93263000,0.1072,1,2024-04-17 21:30:47.268
93271000,0.152,1,2024-04-17 21:30:47.268
93272000,0.0544,1,2024-04-17 21:30:47.268
93281000,0.0002,1,2024-04-17 21:30:47.268
93230000,0.2864,0,2024-04-17 21:30:52.430
93228000,0.352,0,2024-04-17 21:30:52.430
93204000,0.0087,0,2024-04-17 21:30:52.430
93203000,0.0121,0,2024-04-17 21:30:52.430
93202000,0.0043,0,2024-04-17 21:30:52.430
93262000,0.0002,1,2024-04-17 21:30:52.430
93263000,0.1072,1,2024-04-17 21:30:52.430
93269000,0.0631,1,2024-04-17 21:30:52.430
93281000,0.0002,1,2024-04-17 21:30:52.430
93283000,0.0013,1,2024-04-17 21:30:52.430
93230000,1.8794,0,2024-04-17 21:30:58.015
93228000,0.352,0,2024-04-17 21:30:58.015
93207000,0.0625,0,2024-04-17 21:30:58.015
93204000,0.0088,0,2024-04-17 21:30:58.015
93203000,0.0127,0,2024-04-17 21:30:58.015
93262000,0.0002,1,2024-04-17 21:30:58.015
93263000,0.0002,1,2024-04-17 21:30:58.015
93272000,0.107,1,2024-04-17 21:30:58.015
93281000,0.0002,1,2024-04-17 21:30:58.015
93283000,0.0013,1,2024-04-17 21:30:58.015
93207000,0.0001,0,2024-04-17 21:31:03.255
93204000,0.0088,0,2024-04-17 21:31:03.255
93203000,0.0087,0,2024-04-17 21:31:03.255
93202000,0.0011,0,2024-04-17 21:31:03.255
93201000,1.8078,0,2024-04-17 21:31:03.255
93230000,0.0009,1,2024-04-17 21:31:03.255
93261000,0.1067,1,2024-04-17 21:31:03.255
93262000,0.0002,1,2024-04-17 21:31:03.255
93263000,0.0002,1,2024-04-17 21:31:03.255
93272000,0.1526,1,2024-04-17 21:31:03.255
93203000,0.0037,0,2024-04-17 21:31:08.354
93202000,0.0011,0,2024-04-17 21:31:08.354
93201000,0.0076,0,2024-04-17 21:31:08.354
93200000,0.1716,0,2024-04-17 21:31:08.354
93199000,0.0094,0,2024-04-17 21:31:08.354
93204000,0.0234,1,2024-04-17 21:31:08.354
93260000,0.1537,1,2024-04-17 21:31:08.354
93261000,0.061,1,2024-04-17 21:31:08.354
93262000,0.0002,1,2024-04-17 21:31:08.354
93263000,0.0002,1,2024-04-17 21:31:08.354
93204000,0.001,0,2024-04-17 21:31:13.466
93203000,0.0027,0,2024-04-17 21:31:13.466
93202000,0.0011,0,2024-04-17 21:31:13.466
93201000,0.0076,0,2024-04-17 21:31:13.466
93200000,0.1944,0,2024-04-17 21:31:13.466
93260000,0.1535,1,2024-04-17 21:31:13.466
93261000,0.061,1,2024-04-17 21:31:13.466
93262000,0.0002,1,2024-04-17 21:31:13.466
93263000,0.0002,1,2024-04-17 21:31:13.466
93271000,0.1069,1,2024-04-17 21:31:13.466
93203000,0.0002,0,2024-04-17 21:31:18.588
93202000,0,0,2024-04-17 21:31:18.588
93201000,0.0076,0,2024-04-17 21:31:18.588
93200000,0.1944,0,2024-04-17 21:31:18.588
93199000,0.0094,0,2024-04-17 21:31:18.588
93258000,0.1535,1,2024-04-17 21:31:18.588
93259000,0.0719,1,2024-04-17 21:31:18.588
93261000,0.061,1,2024-04-17 21:31:18.588
93262000,0.0135,1,2024-04-17 21:31:18.588
93263000,0.0002,1,2024-04-17 21:31:18.588
93200000,1.1607,0,2024-04-17 21:31:23.824
93199000,0.0094,0,2024-04-17 21:31:23.824
93188000,0.0072,0,2024-04-17 21:31:23.824
93186000,0.0551,0,2024-04-17 21:31:23.824
93180000,0.0018,0,2024-04-17 21:31:23.824
93204000,0.2524,1,2024-04-17 21:31:23.824
93259000,0.0643,1,2024-04-17 21:31:23.824
93261000,0.0002,1,2024-04-17 21:31:23.824
93262000,0.0135,1,2024-04-17 21:31:23.824
93263000,0.0002,1,2024-04-17 21:31:23.824
93200000,2.5664,0,2024-04-17 21:31:28.939
93199000,0.0094,0,2024-04-17 21:31:28.939
93188000,0.0072,0,2024-04-17 21:31:28.939
93186000,0.0551,0,2024-04-17 21:31:28.939
93180000,0.0231,0,2024-04-17 21:31:28.939
93204000,0.0482,1,2024-04-17 21:31:28.939
93259000,0.0643,1,2024-04-17 21:31:28.939
93261000,0.0002,1,2024-04-17 21:31:28.939
93262000,0.0135,1,2024-04-17 21:31:28.939
93263000,0.0002,1,2024-04-17 21:31:28.939
93200000,0.4621,0,2024-04-17 21:31:34.040
93199000,0.0194,0,2024-04-17 21:31:34.040
93188000,0.0072,0,2024-04-17 21:31:34.040
93186000,0.0001,0,2024-04-17 21:31:34.040
93180000,0.0018,0,2024-04-17 21:31:34.040
93204000,0.0149,1,2024-04-17 21:31:34.040
93242000,0.153,1,2024-04-17 21:31:34.040
93243000,0.1069,1,2024-04-17 21:31:34.040
93254000,0.0605,1,2024-04-17 21:31:34.040
93259000,0.9643,1,2024-04-17 21:31:34.040
93201000,0.0141,0,2024-04-17 21:31:39.213
93200000,0.1372,0,2024-04-17 21:31:39.213
93199000,0.0192,0,2024-04-17 21:31:39.213
93188000,0.0072,0,2024-04-17 21:31:39.213
93186000,0.0001,0,2024-04-17 21:31:39.213
93203000,0.0523,1,2024-04-17 21:31:39.213
93204000,0.0149,1,2024-04-17 21:31:39.213
93233000,0.1542,1,2024-04-17 21:31:39.213
93234000,0.0601,1,2024-04-17 21:31:39.213
93254000,0.9605,1,2024-04-17 21:31:39.213
93202000,0.0003,0,2024-04-17 21:31:44.912
93201000,0.001,0,2024-04-17 21:31:44.912
93200000,0.1262,0,2024-04-17 21:31:44.912
93199000,0.0192,0,2024-04-17 21:31:44.912
93188000,0.0172,0,2024-04-17 21:31:44.912
93203000,0.0413,1,2024-04-17 21:31:44.912
93204000,0.0149,1,2024-04-17 21:31:44.912
93247000,0.1531,1,2024-04-17 21:31:44.912
93248000,0.1069,1,2024-04-17 21:31:44.912
93254000,0.0605,1,2024-04-17 21:31:44.912
93201000,0.2942,0,2024-04-17 21:31:50.685
93200000,0.0997,0,2024-04-17 21:31:50.685
93199000,0.0192,0,2024-04-17 21:31:50.685
93188000,0.0172,0,2024-04-17 21:31:50.685
93186000,0.0001,0,2024-04-17 21:31:50.685
93203000,0.0104,1,2024-04-17 21:31:50.685
93204000,0.0149,1,2024-04-17 21:31:50.685
93254000,0.0605,1,2024-04-17 21:31:50.685
93258000,0.1529,1,2024-04-17 21:31:50.685
93259000,0.0643,1,2024-04-17 21:31:50.685
93201000,0.2779,0,2024-04-17 21:31:56.404
93200000,0.0997,0,2024-04-17 21:31:56.404
93199000,0.0192,0,2024-04-17 21:31:56.404
93188000,0.0172,0,2024-04-17 21:31:56.404
93186000,0.0001,0,2024-04-17 21:31:56.404
93203000,0.0091,1,2024-04-17 21:31:56.404
93204000,0.0149,1,2024-04-17 21:31:56.404
93254000,0.0605,1,2024-04-17 21:31:56.404
93258000,0.1524,1,2024-04-17 21:31:56.404
93259000,0.0643,1,2024-04-17 21:31:56.404
93204000,0.0865,0,2024-04-17 21:32:01.729
93201000,0.2133,0,2024-04-17 21:32:01.729
93200000,0.0997,0,2024-04-17 21:32:01.729
93199000,0.0192,0,2024-04-17 21:32:01.729
93188000,0.0172,0,2024-04-17 21:32:01.729
93218000,0.0604,1,2024-04-17 21:32:01.729
93251000,0.1524,1,2024-04-17 21:32:01.729
93252000,0.1069,1,2024-04-17 21:32:01.729
93254000,0.0605,1,2024-04-17 21:32:01.729
93259000,0.0643,1,2024-04-17 21:32:01.729
93218000,0.1072,0,2024-04-17 21:32:06.839
93205000,0.0412,0,2024-04-17 21:32:06.839
93204000,0.0807,0,2024-04-17 21:32:06.839
93201000,0.0133,0,2024-04-17 21:32:06.839
93200000,0.1018,0,2024-04-17 21:32:06.839
93251000,0.064,1,2024-04-17 21:32:06.839
93252000,0.1069,1,2024-04-17 21:32:06.839
93254000,0.0605,1,2024-04-17 21:32:06.839
93261000,0.0002,1,2024-04-17 21:32:06.839
93262000,0.0135,1,2024-04-17 21:32:06.839
93218000,0.0961,0,2024-04-17 21:32:12.025
93217000,0.352,0,2024-04-17 21:32:12.025
93205000,0.0412,0,2024-04-17 21:32:12.025
93204000,0.0807,0,2024-04-17 21:32:12.025
93203000,0.0109,0,2024-04-17 21:32:12.025
93250000,0.1069,1,2024-04-17 21:32:12.025
93251000,0.064,1,2024-04-17 21:32:12.025
93254000,0.0605,1,2024-04-17 21:32:12.025
93261000,0.0002,1,2024-04-17 21:32:12.025
93262000,0.0135,1,2024-04-17 21:32:12.025
93219000,0.2002,0,2024-04-17 21:32:17.160
93218000,0.0946,0,2024-04-17 21:32:17.160
93209000,0.001,0,2024-04-17 21:32:17.160
93205000,0.0506,0,2024-04-17 21:32:17.160
93204000,0.0807,0,2024-04-17 21:32:17.160
93249000,0.1507,1,2024-04-17 21:32:17.160
93250000,0.1017,1,2024-04-17 21:32:17.160
93251000,0.2158,1,2024-04-17 21:32:17.160
93252000,0.1069,1,2024-04-17 21:32:17.160
93254000,0.0605,1,2024-04-17 21:32:17.160
93218000,0.0048,0,2024-04-17 21:32:22.315
93209000,0.001,0,2024-04-17 21:32:22.315
93205000,0.0506,0,2024-04-17 21:32:22.315
93204000,0.0807,0,2024-04-17 21:32:22.315
93203000,0.0157,0,2024-04-17 21:32:22.315
93249000,0.1524,1,2024-04-17 21:32:22.315
93250000,0.1124,1,2024-04-17 21:32:22.315
93251000,0.064,1,2024-04-17 21:32:22.315
93254000,0.0605,1,2024-04-17 21:32:22.315
93261000,0.0002,1,2024-04-17 21:32:22.315
93204000,0.0666,0,2024-04-17 21:32:27.443
93203000,0.0157,0,2024-04-17 21:32:27.443
93201000,0.0238,0,2024-04-17 21:32:27.443
93200000,0.1016,0,2024-04-17 21:32:27.443
93199000,0.0193,0,2024-04-17 21:32:27.443
93249000,0.17,1,2024-04-17 21:32:27.443
93250000,0.1124,1,2024-04-17 21:32:27.443
93254000,0.0605,1,2024-04-17 21:32:27.443
93261000,0.0002,1,2024-04-17 21:32:27.443
93262000,0.0135,1,2024-04-17 21:32:27.443
93228000,0.352,0,2024-04-17 21:32:32.824
93219000,0.2006,0,2024-04-17 21:32:32.824
93218000,0.0005,0,2024-04-17 21:32:32.824
93204000,0.0736,0,2024-04-17 21:32:32.824
93203000,0.0264,0,2024-04-17 21:32:32.824
93281000,0.0002,1,2024-04-17 21:32:32.824
93282000,0.0643,1,2024-04-17 21:32:32.824
93283000,0.0013,1,2024-04-17 21:32:32.824
93290000,0.1556,1,2024-04-17 21:32:32.824
93291000,0.1069,1,2024-04-17 21:32:32.824
93236000,0,0,2024-04-17 21:32:38.334
93219000,0.0072,0,2024-04-17 21:32:38.334
93218000,0.0005,0,2024-04-17 21:32:38.334
93204000,0.0736,0,2024-04-17 21:32:38.334
93203000,0.0264,0,2024-04-17 21:32:38.334
93272000,0.0365,1,2024-04-17 21:32:38.334
93274000,0.1069,1,2024-04-17 21:32:38.334
93280000,0.064,1,2024-04-17 21:32:38.334
93281000,0.0002,1,2024-04-17 21:32:38.334
93282000,0.0643,1,2024-04-17 21:32:38.334
93219000,0.088,0,2024-04-17 21:32:43.466
93218000,0.3528,0,2024-04-17 21:32:43.466
93204000,0.0737,0,2024-04-17 21:32:43.466
93203000,0.0262,0,2024-04-17 21:32:43.466
93201000,0.0309,0,2024-04-17 21:32:43.466
93271000,0.0002,1,2024-04-17 21:32:43.466
93272000,0.0365,1,2024-04-17 21:32:43.466
93279000,0.1529,1,2024-04-17 21:32:43.466
93280000,0.064,1,2024-04-17 21:32:43.466
93281000,0.0002,1,2024-04-17 21:32:43.466
93204000,0.0008,0,2024-04-17 21:32:48.571
93200000,0.0992,0,2024-04-17 21:32:48.571
93199000,0.0193,0,2024-04-17 21:32:48.571
93189000,0.0001,0,2024-04-17 21:32:48.571
93188000,0.0172,0,2024-04-17 21:32:48.571
93218000,0.0633,1,2024-04-17 21:32:48.571
93242000,0.1537,1,2024-04-17 21:32:48.571
93243000,0.352,1,2024-04-17 21:32:48.571
93249000,0.0596,1,2024-04-17 21:32:48.571
93259000,0.0004,1,2024-04-17 21:32:48.571
93200000,0.0992,0,2024-04-17 21:32:53.671
93199000,0.0193,0,2024-04-17 21:32:53.671
93189000,0.0001,0,2024-04-17 21:32:53.671
93188000,0.0172,0,2024-04-17 21:32:53.671
93186000,0.0001,0,2024-04-17 21:32:53.671
93204000,0.0004,1,2024-04-17 21:32:53.671
93234000,0.0002,1,2024-04-17 21:32:53.671
93242000,0.0002,1,2024-04-17 21:32:53.671
93249000,0.0596,1,2024-04-17 21:32:53.671
93259000,0.0004,1,2024-04-17 21:32:53.671
93205000,0.0824,0,2024-04-17 21:32:58.913
93200000,0.1146,0,2024-04-17 21:32:58.913
93199000,0.0193,0,2024-04-17 21:32:58.913
93189000,0.0001,0,2024-04-17 21:32:58.913
93188000,0.0172,0,2024-04-17 21:32:58.913
93233000,0.0585,1,2024-04-17 21:32:58.913
93234000,0.0002,1,2024-04-17 21:32:58.913
93242000,0.0002,1,2024-04-17 21:32:58.913
93248000,0.1528,1,2024-04-17 21:32:58.913
93249000,0.0596,1,2024-04-17 21:32:58.913
93200000,0.0534,0,2024-04-17 21:33:04.087
93199000,0.0193,0,2024-04-17 21:33:04.087
93189000,0.0001,0,2024-04-17 21:33:04.087
93188000,0.0172,0,2024-04-17 21:33:04.087
93186000,0.0016,0,2024-04-17 21:33:04.087
93204000,0.0674,1,2024-04-17 21:33:04.087
93257000,0.0703,1,2024-04-17 21:33:04.087
93258000,0.0577,1,2024-04-17 21:33:04.087
93259000,0.0004,1,2024-04-17 21:33:04.087
93270000,0.0617,1,2024-04-17 21:33:04.087
93199000,0.0195,0,2024-04-17 21:33:09.199
93189000,0.0001,0,2024-04-17 21:33:09.199
93188000,0.0172,0,2024-04-17 21:33:09.199
93186000,0.0016,0,2024-04-17 21:33:09.199
93181000,0.0002,0,2024-04-17 21:33:09.199
93200000,0.0122,1,2024-04-17 21:33:09.199
93204000,0.0519,1,2024-04-17 21:33:09.199
93238000,0.0551,1,2024-04-17 21:33:09.199
93249000,0.0709,1,2024-04-17 21:33:09.199
93250000,0.352,1,2024-04-17 21:33:09.199
93200000,0.0878,0,2024-04-17 21:33:14.532
93199000,0.0084,0,2024-04-17 21:33:14.532
93189000,0.0001,0,2024-04-17 21:33:14.532
93188000,0.0203,0,2024-04-17 21:33:14.532
93186000,0.0016,0,2024-04-17 21:33:14.532
93204000,0.0465,1,2024-04-17 21:33:14.532
93238000,0.0551,1,2024-04-17 21:33:14.532
93250000,0.0002,1,2024-04-17 21:33:14.532
93257000,0.071,1,2024-04-17 21:33:14.532
93258000,0.0577,1,2024-04-17 21:33:14.532
93200000,0.0743,0,2024-04-17 21:33:19.879
93199000,0.0191,0,2024-04-17 21:33:19.879
93189000,0.0001,0,2024-04-17 21:33:19.879
93188000,0.0203,0,2024-04-17 21:33:19.879
93186000,0.0016,0,2024-04-17 21:33:19.879
93204000,0.0869,1,2024-04-17 21:33:19.879
93231000,0.0551,1,2024-04-17 21:33:19.879
93235000,0.107,1,2024-04-17 21:33:19.879
93238000,0.0551,1,2024-04-17 21:33:19.879
93250000,0.0002,1,2024-04-17 21:33:19.879
93200000,0.037,0,2024-04-17 21:33:25.006
