price,quantity,type,timestamp
38370,27.4801,0,2024-04-19 00:00:09.738
38360,89.0936,0,2024-04-19 00:00:09.738
38350,100,0,2024-04-19 00:00:09.738
38340,177.4801,0,2024-04-19 00:00:09.738
38330,256.169,0,2024-04-19 00:00:09.738
38400,43.056,1,2024-04-19 00:00:09.738
38430,66.5113,1,2024-04-19 00:00:09.738
38440,114.9201,1,2024-04-19 00:00:09.738
38450,317.9544,1,2024-04-19 00:00:09.738
38460,139.2184,1,2024-04-19 00:00:09.738
38450,125.6005,0,2024-04-19 00:00:14.871
38440,39.4056,0,2024-04-19 00:00:14.871
38420,66.1993,0,2024-04-19 00:00:14.871
38410,27.4801,0,2024-04-19 00:00:14.871
38400,39.5944,0,2024-04-19 00:00:14.871
38500,1.6151,1,2024-04-19 00:00:14.871
38540,31.8755,1,2024-04-19 00:00:14.871
38550,27.4801,1,2024-04-19 00:00:14.871
38560,123.9901,1,2024-04-19 00:00:14.871
38570,27.4801,1,2024-04-19 00:00:14.871
38470,27.4801,0,2024-04-19 00:00:19.978
38460,27.4801,0,2024-04-19 00:00:19.978
38450,1.7763,0,2024-04-19 00:00:19.978
38440,40.5288,0,2024-04-19 00:00:19.978
38410,38.7192,0,2024-04-19 00:00:19.978
38540,25.0718,1,2024-04-19 00:00:19.978
38550,66.3241,1,2024-04-19 00:00:19.978
38560,79.2517,1,2024-04-19 00:00:19.978
38570,66.4801,1,2024-04-19 00:00:19.978
38580,27.4801,1,2024-04-19 00:00:19.978
38510,27.4801,0,2024-04-19 00:00:25.124
38500,66.6361,0,2024-04-19 00:00:25.124
38490,27.4801,0,2024-04-19 00:00:25.124
38480,27.4801,0,2024-04-19 00:00:25.124
38470,38.376,0,2024-04-19 00:00:25.124
38540,22.8269,1,2024-04-19 00:00:25.124
38590,28.4838,1,2024-04-19 00:00:25.124
38600,28.8268,1,2024-04-19 00:00:25.124
38610,28.0169,1,2024-04-19 00:00:25.124
38620,94.6568,1,2024-04-19 00:00:25.124
38540,1,0,2024-04-19 00:00:30.266
38530,38.9688,0,2024-04-19 00:00:30.266
38470,38.376,0,2024-04-19 00:00:30.266
38460,37.8456,0,2024-04-19 00:00:30.266
38450,44.3424,0,2024-04-19 00:00:30.266
38600,1.3467,1,2024-04-19 00:00:30.266
38610,28.0169,1,2024-04-19 00:00:30.266
38620,54.8768,1,2024-04-19 00:00:30.266
38630,72.8324,1,2024-04-19 00:00:30.266
38640,54.7474,1,2024-04-19 00:00:30.266
38540,1,0,2024-04-19 00:00:35.542
38530,38.9688,0,2024-04-19 00:00:35.542
38450,44.3424,0,2024-04-19 00:00:35.542
38430,37.2528,0,2024-04-19 00:00:35.542
38420,22.0928,0,2024-04-19 00:00:35.542
38600,1.3467,1,2024-04-19 00:00:35.542
38610,66.1121,1,2024-04-19 00:00:35.542
38620,92.7224,1,2024-04-19 00:00:35.542
38630,72.8324,1,2024-04-19 00:00:35.542
38640,44.7875,1,2024-04-19 00:00:35.542
38540,1,0,2024-04-19 00:00:40.771
38530,38.9688,0,2024-04-19 00:00:40.771
38450,4.5,0,2024-04-19 00:00:40.771
38430,37.2528,0,2024-04-19 00:00:40.771
38420,40.5288,0,2024-04-19 00:00:40.771
38570,27.4801,1,2024-04-19 00:00:40.771
38580,27.4801,1,2024-04-19 00:00:40.771
38590,66.6985,1,2024-04-19 00:00:40.771
38600,40.4091,1,2024-04-19 00:00:40.771
38610,66.1121,1,2024-04-19 00:00:40.771
38460,78.5541,0,2024-04-19 00:00:45.871
38450,4.5,0,2024-04-19 00:00:45.871
38440,38.9064,0,2024-04-19 00:00:45.871
38430,38.6256,0,2024-04-19 00:00:45.871
38420,40.5288,0,2024-04-19 00:00:45.871
38540,499,1,2024-04-19 00:00:45.871
38570,27.4801,1,2024-04-19 00:00:45.871
38580,27.4801,1,2024-04-19 00:00:45.871
38590,27.4801,1,2024-04-19 00:00:45.871
38600,1.3467,1,2024-04-19 00:00:45.871
38460,40.0608,0,2024-04-19 00:00:51.000
38450,4.5,0,2024-04-19 00:00:51.000
38420,40.5288,0,2024-04-19 00:00:51.000
38400,77.2279,0,2024-04-19 00:00:51.000
38370,54.5862,0,2024-04-19 00:00:51.000
38540,499,1,2024-04-19 00:00:51.000
38560,0.8375,1,2024-04-19 00:00:51.000
38570,27.4801,1,2024-04-19 00:00:51.000
38580,27.4801,1,2024-04-19 00:00:51.000
38590,67.9777,1,2024-04-19 00:00:51.000
38460,40.0608,0,2024-04-19 00:00:56.113
38450,159.94,0,2024-04-19 00:00:56.113
38400,39,0,2024-04-19 00:00:56.113
38390,38.0952,0,2024-04-19 00:00:56.113
38370,2.6448,0,2024-04-19 00:00:56.113
38540,499,1,2024-04-19 00:00:56.113
38550,27.4801,1,2024-04-19 00:00:56.113
38560,0.8375,1,2024-04-19 00:00:56.113
38570,27.4801,1,2024-04-19 00:00:56.113
38580,66.7921,1,2024-04-19 00:00:56.113
38450,144.8692,0,2024-04-19 00:01:01.217
38440,39.156,0,2024-04-19 00:01:01.217
38370,41.0832,0,2024-04-19 00:01:01.217
38350,77.2005,0,2024-04-19 00:01:01.217
38330,340.3807,0,2024-04-19 00:01:01.217
38530,38.2512,1,2024-04-19 00:01:01.217
38540,538.468,1,2024-04-19 00:01:01.217
38550,27.4801,1,2024-04-19 00:01:01.217
38560,0.8375,1,2024-04-19 00:01:01.217
38570,67.7593,1,2024-04-19 00:01:01.217
38450,144.8692,0,2024-04-19 00:01:06.340
38440,39.156,0,2024-04-19 00:01:06.340
38370,40.896,0,2024-04-19 00:01:06.340
38360,38.1576,0,2024-04-19 00:01:06.340
38350,38.2005,0,2024-04-19 00:01:06.340
38540,565.9481,1,2024-04-19 00:01:06.340
38550,27.4801,1,2024-04-19 00:01:06.340
38560,38.6207,1,2024-04-19 00:01:06.340
38570,27.4801,1,2024-04-19 00:01:06.340
38600,1.3467,1,2024-04-19 00:01:06.340
38440,39.156,0,2024-04-19 00:01:11.474
38370,2.6448,0,2024-04-19 00:01:11.474
38350,38.2005,0,2024-04-19 00:01:11.474
38330,116.3885,0,2024-04-19 00:01:11.474
38320,40.7784,0,2024-04-19 00:01:11.474
38510,37.752,1,2024-04-19 00:01:11.474
38520,27.4801,1,2024-04-19 00:01:11.474
38530,36.718,1,2024-04-19 00:01:11.474
38540,565.9481,1,2024-04-19 00:01:11.474
38550,27.4801,1,2024-04-19 00:01:11.474
38440,39.156,0,2024-04-19 00:01:16.603
38370,2.6448,0,2024-04-19 00:01:16.603
38350,77.0445,0,2024-04-19 00:01:16.603
38330,116.3885,0,2024-04-19 00:01:16.603
38320,40.7784,0,2024-04-19 00:01:16.603
38520,27.4801,1,2024-04-19 00:01:16.603
38530,36.718,1,2024-04-19 00:01:16.603
38540,565.9481,1,2024-04-19 00:01:16.603
38550,27.4801,1,2024-04-19 00:01:16.603
38560,0.8375,1,2024-04-19 00:01:16.603
38440,39.156,0,2024-04-19 00:01:21.700
38420,155.804,0,2024-04-19 00:01:21.700
38370,23.7316,0,2024-04-19 00:01:21.700
38350,77.0445,0,2024-04-19 00:01:21.700
38330,116.3885,0,2024-04-19 00:01:21.700
38530,36.718,1,2024-04-19 00:01:21.700
38540,565.9481,1,2024-04-19 00:01:21.700
38550,51.0411,1,2024-04-19 00:01:21.700
38560,0.8375,1,2024-04-19 00:01:21.700
38590,96.51,1,2024-04-19 00:01:21.700
38440,39.156,0,2024-04-19 00:01:26.811
38380,37.44,0,2024-04-19 00:01:26.811
38370,2.6448,0,2024-04-19 00:01:26.811
38350,77.0445,0,2024-04-19 00:01:26.811
38340,100,0,2024-04-19 00:01:26.811
38540,277.8087,1,2024-04-19 00:01:26.811
38550,51.0411,1,2024-04-19 00:01:26.811
38560,38.2775,1,2024-04-19 00:01:26.811
38580,39,1,2024-04-19 00:01:26.811
38590,96.51,1,2024-04-19 00:01:26.811
38450,27.4801,0,2024-04-19 00:01:31.918
38440,39.156,0,2024-04-19 00:01:31.918
38380,37.44,0,2024-04-19 00:01:31.918
38370,2.6448,0,2024-04-19 00:01:31.918
38360,21.8831,0,2024-04-19 00:01:31.918
38530,26.004,1,2024-04-19 00:01:31.918
38540,277.8087,1,2024-04-19 00:01:31.918
38550,27.4801,1,2024-04-19 00:01:31.918
38560,38.2775,1,2024-04-19 00:01:31.918
38580,39,1,2024-04-19 00:01:31.918
38450,27.4801,0,2024-04-19 00:01:37.020
38440,39.156,0,2024-04-19 00:01:37.020
38380,37.44,0,2024-04-19 00:01:37.020
38370,25.9357,0,2024-04-19 00:01:37.020
38350,38.844,0,2024-04-19 00:01:37.020
38520,636.6163,1,2024-04-19 00:01:37.020
38530,26.004,1,2024-04-19 00:01:37.020
38540,277.8087,1,2024-04-19 00:01:37.020
38550,27.4801,1,2024-04-19 00:01:37.020
38560,38.2775,1,2024-04-19 00:01:37.020
38450,27.4801,0,2024-04-19 00:01:42.125
38440,39.156,0,2024-04-19 00:01:42.125
38380,37.44,0,2024-04-19 00:01:42.125
38370,2.6448,0,2024-04-19 00:01:42.125
38360,22.0426,0,2024-04-19 00:01:42.125
38510,222.89,1,2024-04-19 00:01:42.125
38520,636.6163,1,2024-04-19 00:01:42.125
38530,526.004,1,2024-04-19 00:01:42.125
38540,277.8087,1,2024-04-19 00:01:42.125
38550,27.4801,1,2024-04-19 00:01:42.125
38450,14.4761,0,2024-04-19 00:01:47.256
38440,39.156,0,2024-04-19 00:01:47.256
38380,37.44,0,2024-04-19 00:01:47.256
38370,2.6448,0,2024-04-19 00:01:47.256
38350,88.844,0,2024-04-19 00:01:47.256
38510,221.2179,1,2024-04-19 00:01:47.256
38520,636.6163,1,2024-04-19 00:01:47.256
38530,526.004,1,2024-04-19 00:01:47.256
38540,277.8087,1,2024-04-19 00:01:47.256
38550,27.4801,1,2024-04-19 00:01:47.256
38450,14.4761,0,2024-04-19 00:01:52.362
38440,39.156,0,2024-04-19 00:01:52.362
38380,37.44,0,2024-04-19 00:01:52.362
38370,2.6448,0,2024-04-19 00:01:52.362
38350,88.844,0,2024-04-19 00:01:52.362
38510,221.2179,1,2024-04-19 00:01:52.362
38520,636.6163,1,2024-04-19 00:01:52.362
38530,526.004,1,2024-04-19 00:01:52.362
38540,277.8087,1,2024-04-19 00:01:52.362
38550,27.4801,1,2024-04-19 00:01:52.362
38450,14.4761,0,2024-04-19 00:01:57.463
38440,39.156,0,2024-04-19 00:01:57.463
38380,37.44,0,2024-04-19 00:01:57.463
38370,2.6448,0,2024-04-19 00:01:57.463
38350,88.844,0,2024-04-19 00:01:57.463
38510,221.2179,1,2024-04-19 00:01:57.463
38520,636.6163,1,2024-04-19 00:01:57.463
38530,526.004,1,2024-04-19 00:01:57.463
38540,277.8087,1,2024-04-19 00:01:57.463
38550,27.4801,1,2024-04-19 00:01:57.463
38450,20,0,2024-04-19 00:02:02.611
38440,39.156,0,2024-04-19 00:02:02.611
38430,155.763,0,2024-04-19 00:02:02.611
38380,37.44,0,2024-04-19 00:02:02.611
38370,2.6448,0,2024-04-19 00:02:02.611
38510,221.2179,1,2024-04-19 00:02:02.611
38530,526.004,1,2024-04-19 00:02:02.611
38540,277.8087,1,2024-04-19 00:02:02.611
38550,27.4801,1,2024-04-19 00:02:02.611
38560,0.8375,1,2024-04-19 00:02:02.611
38450,20,0,2024-04-19 00:02:07.741
38440,39.156,0,2024-04-19 00:02:07.741
38380,37.44,0,2024-04-19 00:02:07.741
38370,2.6448,0,2024-04-19 00:02:07.741
38350,88.844,0,2024-04-19 00:02:07.741
38510,221.2179,1,2024-04-19 00:02:07.741
38530,526.004,1,2024-04-19 00:02:07.741
38540,277.8087,1,2024-04-19 00:02:07.741
38550,27.4801,1,2024-04-19 00:02:07.741
38560,0.8375,1,2024-04-19 00:02:07.741
38410,155.844,0,2024-04-19 00:02:12.835
38370,2.6448,0,2024-04-19 00:02:12.835
38360,519.481,0,2024-04-19 00:02:12.835
38340,100,0,2024-04-19 00:02:12.835
38320,39,0,2024-04-19 00:02:12.835
38440,476.0795,1,2024-04-19 00:02:12.835
38510,286.2628,1,2024-04-19 00:02:12.835
38520,38.0328,1,2024-04-19 00:02:12.835
38530,567.5,1,2024-04-19 00:02:12.835
38540,777.8087,1,2024-04-19 00:02:12.835
38410,155.844,0,2024-04-19 00:02:17.934
38370,2.6448,0,2024-04-19 00:02:17.934
38360,519.481,0,2024-04-19 00:02:17.934
38320,39.6552,0,2024-04-19 00:02:17.934
38310,46.9246,0,2024-04-19 00:02:17.934
38440,475.8622,1,2024-04-19 00:02:17.934
38490,27.4801,1,2024-04-19 00:02:17.934
38510,286.2628,1,2024-04-19 00:02:17.934
38520,65.5129,1,2024-04-19 00:02:17.934
38530,500,1,2024-04-19 00:02:17.934
38410,148.3932,0,2024-04-19 00:02:23.023
38370,2.6448,0,2024-04-19 00:02:23.023
38360,519.481,0,2024-04-19 00:02:23.023
38320,39.6552,0,2024-04-19 00:02:23.023
38310,46.9246,0,2024-04-19 00:02:23.023
38440,475.8622,1,2024-04-19 00:02:23.023
38490,66.3553,1,2024-04-19 00:02:23.023
38500,37.9704,1,2024-04-19 00:02:23.023
38510,286.2628,1,2024-04-19 00:02:23.023
38520,65.5129,1,2024-04-19 00:02:23.023
38410,148.3932,0,2024-04-19 00:02:28.469
38370,2.6448,0,2024-04-19 00:02:28.469
38360,519.481,0,2024-04-19 00:02:28.469
38320,38.0952,0,2024-04-19 00:02:28.469
38310,46.9246,0,2024-04-19 00:02:28.469
38440,475.8622,1,2024-04-19 00:02:28.469
38490,27.4801,1,2024-04-19 00:02:28.469
38500,37.9704,1,2024-04-19 00:02:28.469
38510,286.2628,1,2024-04-19 00:02:28.469
38520,27.4801,1,2024-04-19 00:02:28.469
38370,2.6448,0,2024-04-19 00:02:33.582
38320,311.1623,0,2024-04-19 00:02:33.582
38310,46.9246,0,2024-04-19 00:02:33.582
38300,0.5695,0,2024-04-19 00:02:33.582
38290,119.2412,0,2024-04-19 00:02:33.582
38440,475.8622,1,2024-04-19 00:02:33.582
38480,66.5425,1,2024-04-19 00:02:33.582
38490,65.8249,1,2024-04-19 00:02:33.582
38500,37.9704,1,2024-04-19 00:02:33.582
38510,286.2628,1,2024-04-19 00:02:33.582
38410,30,0,2024-04-19 00:02:38.716
38400,155.723,0,2024-04-19 00:02:38.716
38370,2.6448,0,2024-04-19 00:02:38.716
38350,519.076,0,2024-04-19 00:02:38.716
38320,38.0952,0,2024-04-19 00:02:38.716
38440,475.8622,1,2024-04-19 00:02:38.716
38480,66.5425,1,2024-04-19 00:02:38.716
38490,65.8249,1,2024-04-19 00:02:38.716
38500,37.9704,1,2024-04-19 00:02:38.716
38510,65.0449,1,2024-04-19 00:02:38.716
38410,30,0,2024-04-19 00:02:43.842
38400,155.723,0,2024-04-19 00:02:43.842
38370,2.6448,0,2024-04-19 00:02:43.842
38350,519.076,0,2024-04-19 00:02:43.842
38340,39.5616,0,2024-04-19 00:02:43.842
38440,473.6768,1,2024-04-19 00:02:43.842
38450,20,1,2024-04-19 00:02:43.842
38490,65.8249,1,2024-04-19 00:02:43.842
38500,37.9704,1,2024-04-19 00:02:43.842
38510,65.0449,1,2024-04-19 00:02:43.842
38410,30,0,2024-04-19 00:02:49.215
38400,155.723,0,2024-04-19 00:02:49.215
38370,2.6448,0,2024-04-19 00:02:49.215
38350,519.076,0,2024-04-19 00:02:49.215
38340,139.5616,0,2024-04-19 00:02:49.215
38440,465.8725,1,2024-04-19 00:02:49.215
38450,20,1,2024-04-19 00:02:49.215
38490,65.8249,1,2024-04-19 00:02:49.215
38500,37.9704,1,2024-04-19 00:02:49.215
38510,65.0449,1,2024-04-19 00:02:49.215
38410,28.3471,0,2024-04-19 00:02:54.476
38400,155.723,0,2024-04-19 00:02:54.476
38370,2.6448,0,2024-04-19 00:02:54.476
38350,539.4567,0,2024-04-19 00:02:54.476
38340,139.5616,0,2024-04-19 00:02:54.476
38440,465.8725,1,2024-04-19 00:02:54.476
38450,20,1,2024-04-19 00:02:54.476
38490,65.8249,1,2024-04-19 00:02:54.476
38500,37.9704,1,2024-04-19 00:02:54.476
38510,65.0449,1,2024-04-19 00:02:54.476
38410,28.3471,0,2024-04-19 00:02:59.607
38400,155.723,0,2024-04-19 00:02:59.607
38370,2.6448,0,2024-04-19 00:02:59.607
38350,519.076,0,2024-04-19 00:02:59.607
38340,139.5616,0,2024-04-19 00:02:59.607
38440,465.8725,1,2024-04-19 00:02:59.607
38450,20,1,2024-04-19 00:02:59.607
38490,65.8249,1,2024-04-19 00:02:59.607
38500,37.9704,1,2024-04-19 00:02:59.607
38510,65.0449,1,2024-04-19 00:02:59.607
38410,28.3471,0,2024-04-19 00:03:04.716
38390,38.5944,0,2024-04-19 00:03:04.716
38380,37.8456,0,2024-04-19 00:03:04.716
38370,40.3032,0,2024-04-19 00:03:04.716
38360,40.1544,0,2024-04-19 00:03:04.716
38440,49.7594,1,2024-04-19 00:03:04.716
38450,20,1,2024-04-19 00:03:04.716
38530,500,1,2024-04-19 00:03:04.716
38540,315.4983,1,2024-04-19 00:03:04.716
38550,27.4801,1,2024-04-19 00:03:04.716
38400,155.723,0,2024-04-19 00:03:10.049
38390,56.804,0,2024-04-19 00:03:10.049
38370,240.521,0,2024-04-19 00:03:10.049
38360,36.6912,0,2024-04-19 00:03:10.049
38350,38.308,0,2024-04-19 00:03:10.049
38530,539.9048,1,2024-04-19 00:03:10.049
38540,288.8918,1,2024-04-19 00:03:10.049
38550,96.5873,1,2024-04-19 00:03:10.049
38560,0.8375,1,2024-04-19 00:03:10.049
38570,27.4801,1,2024-04-19 00:03:10.049
38410,30,0,2024-04-19 00:03:15.154
38370,40.8336,0,2024-04-19 00:03:15.154
38360,37.6584,0,2024-04-19 00:03:15.154
38340,42.6816,0,2024-04-19 00:03:15.154
38330,59.8244,0,2024-04-19 00:03:15.154
38510,62.9489,1,2024-04-19 00:03:15.154
38520,64.9513,1,2024-04-19 00:03:15.154
38530,567.3849,1,2024-04-19 00:03:15.154
38540,250.3286,1,2024-04-19 00:03:15.154
38550,27.4801,1,2024-04-19 00:03:15.154
38430,30,0,2024-04-19 00:03:20.263
38420,155.723,0,2024-04-19 00:03:20.263
38370,543.1736,0,2024-04-19 00:03:20.263
38360,37.6584,0,2024-04-19 00:03:20.263
38340,42.6816,0,2024-04-19 00:03:20.263
38520,37.4712,1,2024-04-19 00:03:20.263
38530,567.3849,1,2024-04-19 00:03:20.263
38540,250.3286,1,2024-04-19 00:03:20.263
38550,27.4801,1,2024-04-19 00:03:20.263
38560,0.8375,1,2024-04-19 00:03:20.263
38430,21.4631,0,2024-04-19 00:03:25.388
38420,155.723,0,2024-04-19 00:03:25.388
38370,543.1736,0,2024-04-19 00:03:25.388
38360,37.6584,0,2024-04-19 00:03:25.388
38350,100,0,2024-04-19 00:03:25.388
38520,37.4712,1,2024-04-19 00:03:25.388
38530,567.3849,1,2024-04-19 00:03:25.388
38540,250.3286,1,2024-04-19 00:03:25.388
38550,27.4801,1,2024-04-19 00:03:25.388
38560,0.8375,1,2024-04-19 00:03:25.388
38430,16.4286,0,2024-04-19 00:03:30.495
38420,155.723,0,2024-04-19 00:03:30.495
38370,543.1736,0,2024-04-19 00:03:30.495
38360,37.6584,0,2024-04-19 00:03:30.495
38350,123.3249,0,2024-04-19 00:03:30.495
38520,37.4712,1,2024-04-19 00:03:30.495
38530,567.3849,1,2024-04-19 00:03:30.495
38540,250.3286,1,2024-04-19 00:03:30.495
38550,27.4801,1,2024-04-19 00:03:30.495
38560,0.8375,1,2024-04-19 00:03:30.495
38430,16.4286,0,2024-04-19 00:03:35.589
38420,155.723,0,2024-04-19 00:03:35.589
38370,502.6448,0,2024-04-19 00:03:35.589
38360,37.6584,0,2024-04-19 00:03:35.589
38340,42.6816,0,2024-04-19 00:03:35.589
38510,67.0417,1,2024-04-19 00:03:35.589
38520,64.9513,1,2024-04-19 00:03:35.589
38530,567.3849,1,2024-04-19 00:03:35.589
38540,250.3286,1,2024-04-19 00:03:35.589
38550,27.4801,1,2024-04-19 00:03:35.589
38430,16.4286,0,2024-04-19 00:03:40.699
38420,155.723,0,2024-04-19 00:03:40.699
38370,502.6448,0,2024-04-19 00:03:40.699
38360,37.6584,0,2024-04-19 00:03:40.699
38340,42.6816,0,2024-04-19 00:03:40.699
38510,67.0417,1,2024-04-19 00:03:40.699
38520,64.9513,1,2024-04-19 00:03:40.699
38530,567.3849,1,2024-04-19 00:03:40.699
38540,250.3286,1,2024-04-19 00:03:40.699
38550,27.4801,1,2024-04-19 00:03:40.699
38430,16.4286,0,2024-04-19 00:03:45.849
38420,155.723,0,2024-04-19 00:03:45.849
38370,502.6448,0,2024-04-19 00:03:45.849
38360,37.6584,0,2024-04-19 00:03:45.849
38340,66.4312,0,2024-04-19 00:03:45.849
38510,67.0417,1,2024-04-19 00:03:45.849
38520,64.9513,1,2024-04-19 00:03:45.849
38530,567.3849,1,2024-04-19 00:03:45.849
38540,250.3286,1,2024-04-19 00:03:45.849
38550,27.4801,1,2024-04-19 00:03:45.849
38430,16.4286,0,2024-04-19 00:03:50.989
38420,155.723,0,2024-04-19 00:03:50.989
38370,502.6448,0,2024-04-19 00:03:50.989
38360,37.6584,0,2024-04-19 00:03:50.989
38340,42.6816,0,2024-04-19 00:03:50.989
38510,67.0417,1,2024-04-19 00:03:50.989
38520,64.9513,1,2024-04-19 00:03:50.989
38530,567.3849,1,2024-04-19 00:03:50.989
38540,250.3286,1,2024-04-19 00:03:50.989
38550,27.4801,1,2024-04-19 00:03:50.989
38430,16.4286,0,2024-04-19 00:03:56.088
38420,155.723,0,2024-04-19 00:03:56.088
38370,512.2267,0,2024-04-19 00:03:56.088
38360,37.596,0,2024-04-19 00:03:56.088
38350,39.3432,0,2024-04-19 00:03:56.088
38510,67.0417,1,2024-04-19 00:03:56.088
38520,64.9513,1,2024-04-19 00:03:56.088
38530,567.3849,1,2024-04-19 00:03:56.088
38540,250.3286,1,2024-04-19 00:03:56.088
38550,27.4801,1,2024-04-19 00:03:56.088
38430,16.4286,0,2024-04-19 00:04:01.236
38400,38.4933,0,2024-04-19 00:04:01.236
38370,512.2267,0,2024-04-19 00:04:01.236
38360,37.596,0,2024-04-19 00:04:01.236
38350,39.3432,0,2024-04-19 00:04:01.236
38500,221.6359,1,2024-04-19 00:04:01.236
38510,67.0417,1,2024-04-19 00:04:01.236
38520,64.9513,1,2024-04-19 00:04:01.236
38530,567.3849,1,2024-04-19 00:04:01.236
38540,250.3286,1,2024-04-19 00:04:01.236
38410,30,0,2024-04-19 00:04:06.399
38380,38.4933,0,2024-04-19 00:04:06.399
38370,12.2267,0,2024-04-19 00:04:06.399
38350,39.3432,0,2024-04-19 00:04:06.399
38330,39.156,0,2024-04-19 00:04:06.399
38500,249.116,1,2024-04-19 00:04:06.399
38510,38.4696,1,2024-04-19 00:04:06.399
38520,65.8561,1,2024-04-19 00:04:06.399
38530,567.3849,1,2024-04-19 00:04:06.399
38540,287.0198,1,2024-04-19 00:04:06.399
38410,30,0,2024-04-19 00:04:11.499
38380,38.4933,0,2024-04-19 00:04:11.499
38370,12.2267,0,2024-04-19 00:04:11.499
38350,39.3432,0,2024-04-19 00:04:11.499
38330,39.156,0,2024-04-19 00:04:11.499
38500,288.8024,1,2024-04-19 00:04:11.499
38510,38.4696,1,2024-04-19 00:04:11.499
38520,65.8561,1,2024-04-19 00:04:11.499
38530,567.3849,1,2024-04-19 00:04:11.499
38540,250.3286,1,2024-04-19 00:04:11.499
38370,92.2267,0,2024-04-19 00:04:16.640
38350,519.211,0,2024-04-19 00:04:16.640
38340,38.4933,0,2024-04-19 00:04:16.640
38330,39.156,0,2024-04-19 00:04:16.640
38320,39.7488,0,2024-04-19 00:04:16.640
38480,27.4801,1,2024-04-19 00:04:16.640
38490,68.0089,1,2024-04-19 00:04:16.640
38500,288.8024,1,2024-04-19 00:04:16.640
38510,38.4696,1,2024-04-19 00:04:16.640
38520,65.8561,1,2024-04-19 00:04:16.640
38370,92.2267,0,2024-04-19 00:04:21.752
38350,519.211,0,2024-04-19 00:04:21.752
38340,38.4933,0,2024-04-19 00:04:21.752
38320,500,0,2024-04-19 00:04:21.752
38310,9.3598,0,2024-04-19 00:04:21.752
38470,39.9984,1,2024-04-19 00:04:21.752
38480,66.7609,1,2024-04-19 00:04:21.752
38490,68.0089,1,2024-04-19 00:04:21.752
38500,288.8024,1,2024-04-19 00:04:21.752
38520,27.4801,1,2024-04-19 00:04:21.752
38370,12.2267,0,2024-04-19 00:04:26.860
38310,9.3598,0,2024-04-19 00:04:26.860
38300,80.5695,0,2024-04-19 00:04:26.860
38270,36.6912,0,2024-04-19 00:04:26.860
38260,41.5272,0,2024-04-19 00:04:26.860
38450,39.156,1,2024-04-19 00:04:26.860
38460,67.1353,1,2024-04-19 00:04:26.860
38470,39.9984,1,2024-04-19 00:04:26.860
38480,66.7609,1,2024-04-19 00:04:26.860
38490,27.4801,1,2024-04-19 00:04:26.860
38370,12.2267,0,2024-04-19 00:04:31.959
38310,9.3598,0,2024-04-19 00:04:31.959
38300,80.5695,0,2024-04-19 00:04:31.959
38280,38.7504,0,2024-04-19 00:04:31.959
38270,36.6912,0,2024-04-19 00:04:31.959
38450,27.4801,1,2024-04-19 00:04:31.959
38460,67.1353,1,2024-04-19 00:04:31.959
38470,39.9984,1,2024-04-19 00:04:31.959
38480,27.4801,1,2024-04-19 00:04:31.959
38500,221.6359,1,2024-04-19 00:04:31.959
38370,12.2267,0,2024-04-19 00:04:37.082
38350,30,0,2024-04-19 00:04:37.082
38310,18.9566,0,2024-04-19 00:04:37.082
38300,39.4759,0,2024-04-19 00:04:37.082
38280,38.1888,0,2024-04-19 00:04:37.082
38480,27.4801,1,2024-04-19 00:04:37.082
38490,65.5753,1,2024-04-19 00:04:37.082
38500,289.6448,1,2024-04-19 00:04:37.082
38510,27.4801,1,2024-04-19 00:04:37.082
38530,500,1,2024-04-19 00:04:37.082
38370,12.2267,0,2024-04-19 00:04:42.178
38350,30,0,2024-04-19 00:04:42.178
38310,18.9566,0,2024-04-19 00:04:42.178
38300,0.5695,0,2024-04-19 00:04:42.178
38290,39.8112,0,2024-04-19 00:04:42.178
38450,27.4801,1,2024-04-19 00:04:42.178
38460,27.4801,1,2024-04-19 00:04:42.178
38470,37.8768,1,2024-04-19 00:04:42.178
38480,27.4801,1,2024-04-19 00:04:42.178
38490,65.5753,1,2024-04-19 00:04:42.178
38370,12.2267,0,2024-04-19 00:04:49.144
38330,30,0,2024-04-19 00:04:49.144
38310,18.9566,0,2024-04-19 00:04:49.144
38300,0.5695,0,2024-04-19 00:04:49.144
38280,38.1888,0,2024-04-19 00:04:49.144
38450,27.4801,1,2024-04-19 00:04:49.144
38460,65.7625,1,2024-04-19 00:04:49.144
38470,37.8768,1,2024-04-19 00:04:49.144
38480,27.4801,1,2024-04-19 00:04:49.144
38490,65.5753,1,2024-04-19 00:04:49.144
38370,12.2267,0,2024-04-19 00:04:54.252
38330,30,0,2024-04-19 00:04:54.252
38310,18.9566,0,2024-04-19 00:04:54.252
38300,0.5695,0,2024-04-19 00:04:54.252
38280,38.1888,0,2024-04-19 00:04:54.252
38450,27.4801,1,2024-04-19 00:04:54.252
38460,65.7625,1,2024-04-19 00:04:54.252
38470,37.8768,1,2024-04-19 00:04:54.252
38480,27.4801,1,2024-04-19 00:04:54.252
38490,65.5753,1,2024-04-19 00:04:54.252
38370,12.2267,0,2024-04-19 00:04:59.375
38330,30,0,2024-04-19 00:04:59.375
38310,18.9566,0,2024-04-19 00:04:59.375
38300,0.5695,0,2024-04-19 00:04:59.375
38270,39.1248,0,2024-04-19 00:04:59.375
38440,27.4801,1,2024-04-19 00:04:59.375
38450,27.4801,1,2024-04-19 00:04:59.375
38460,65.7625,1,2024-04-19 00:04:59.375
38470,37.8768,1,2024-04-19 00:04:59.375
38480,27.4801,1,2024-04-19 00:04:59.375
38370,12.2267,0,2024-04-19 00:05:04.511
38330,30,0,2024-04-19 00:05:04.511
38310,18.9566,0,2024-04-19 00:05:04.511
38300,0.5695,0,2024-04-19 00:05:04.511
38280,39.2808,0,2024-04-19 00:05:04.511
38450,27.4801,1,2024-04-19 00:05:04.511
38460,27.4801,1,2024-04-19 00:05:04.511
38470,65.3569,1,2024-04-19 00:05:04.511
38490,38.0952,1,2024-04-19 00:05:04.511
38520,500,1,2024-04-19 00:05:04.511
38370,12.2267,0,2024-04-19 00:05:09.774
38320,30,0,2024-04-19 00:05:09.774
38310,18.9566,0,2024-04-19 00:05:09.774
38300,0.5695,0,2024-04-19 00:05:09.774
38260,59.1071,0,2024-04-19 00:05:09.774
38440,27.4801,1,2024-04-19 00:05:09.774
38450,27.4801,1,2024-04-19 00:05:09.774
38460,27.4801,1,2024-04-19 00:05:09.774
38470,27.4801,1,2024-04-19 00:05:09.774
38480,37.7832,1,2024-04-19 00:05:09.774
38370,12.2267,0,2024-04-19 00:05:14.989
38340,188.4933,0,2024-04-19 00:05:14.989
38320,150,0,2024-04-19 00:05:14.989
38310,18.9566,0,2024-04-19 00:05:14.989
38300,100.5695,0,2024-04-19 00:05:14.989
38460,27.4801,1,2024-04-19 00:05:14.989
38470,27.4801,1,2024-04-19 00:05:14.989
38480,27.4801,1,2024-04-19 00:05:14.989
38490,38.0952,1,2024-04-19 00:05:14.989
38500,41.2152,1,2024-04-19 00:05:14.989
38370,150.72,0,2024-04-19 00:05:20.133
38360,50,0,2024-04-19 00:05:20.133
38320,250,0,2024-04-19 00:05:20.133
38310,58.1438,0,2024-04-19 00:05:20.133
38300,39.6631,0,2024-04-19 00:05:20.133
38470,27.4801,1,2024-04-19 00:05:20.133
38480,27.4801,1,2024-04-19 00:05:20.133
38490,27.4801,1,2024-04-19 00:05:20.133
38510,50,1,2024-04-19 00:05:20.133
38520,636.816,1,2024-04-19 00:05:20.133
38370,60.9178,0,2024-04-19 00:05:25.285
38340,138.4933,0,2024-04-19 00:05:25.285
38330,150,0,2024-04-19 00:05:25.285
38310,218.9566,0,2024-04-19 00:05:25.285
38300,0.5695,0,2024-04-19 00:05:25.285
38460,27.4801,1,2024-04-19 00:05:25.285
38470,27.4801,1,2024-04-19 00:05:25.285
38480,77.4801,1,2024-04-19 00:05:25.285
38490,167.3849,1,2024-04-19 00:05:25.285
38500,38.1576,1,2024-04-19 00:05:25.285
38370,60.9178,0,2024-04-19 00:05:30.399
38360,138.4933,0,2024-04-19 00:05:30.399
38330,250,0,2024-04-19 00:05:30.399
38310,118.9566,0,2024-04-19 00:05:30.399
38300,66.4427,0,2024-04-19 00:05:30.399
38470,27.4801,1,2024-04-19 00:05:30.399
38480,27.4801,1,2024-04-19 00:05:30.399
38490,27.4801,1,2024-04-19 00:05:30.399
38500,38.1576,1,2024-04-19 00:05:30.399
38510,239.8736,1,2024-04-19 00:05:30.399
38400,150,0,2024-04-19 00:05:35.511
38370,10.9178,0,2024-04-19 00:05:35.511
38350,139.4056,0,2024-04-19 00:05:35.511
38340,26.0348,0,2024-04-19 00:05:35.511
38330,38.4384,0,2024-04-19 00:05:35.511
38500,27.4801,1,2024-04-19 00:05:35.511
38520,27.4801,1,2024-04-19 00:05:35.511
38530,539.2184,1,2024-04-19 00:05:35.511
38540,340.7638,1,2024-04-19 00:05:35.511
38550,287.0032,1,2024-04-19 00:05:35.511
38420,100,0,2024-04-19 00:05:40.613
38400,200,0,2024-04-19 00:05:40.613
38370,110.9178,0,2024-04-19 00:05:40.613
38350,121.4163,0,2024-04-19 00:05:40.613
38340,66.5324,0,2024-04-19 00:05:40.613
38520,27.4801,1,2024-04-19 00:05:40.613
38530,527.4801,1,2024-04-19 00:05:40.613
38540,340.7638,1,2024-04-19 00:05:40.613
38550,137.0032,1,2024-04-19 00:05:40.613
38560,500.8375,1,2024-04-19 00:05:40.613
38440,139.4966,0,2024-04-19 00:05:45.731
38420,188.4933,0,2024-04-19 00:05:45.731
38400,100,0,2024-04-19 00:05:45.731
38380,100,0,2024-04-19 00:05:45.731
38370,10.9178,0,2024-04-19 00:05:45.731
38510,221.6359,1,2024-04-19 00:05:45.731
38520,27.4801,1,2024-04-19 00:05:45.731
38530,677.4801,1,2024-04-19 00:05:45.731
38540,290.7638,1,2024-04-19 00:05:45.731
38550,37.0032,1,2024-04-19 00:05:45.731
38440,100,0,2024-04-19 00:05:50.859
38430,50,0,2024-04-19 00:05:50.859
38390,150,0,2024-04-19 00:05:50.859
38380,200,0,2024-04-19 00:05:50.859
38370,10.9178,0,2024-04-19 00:05:50.859
38510,221.6359,1,2024-04-19 00:05:50.859
38520,27.4801,1,2024-04-19 00:05:50.859
38530,527.4801,1,2024-04-19 00:05:50.859
38540,277.8087,1,2024-04-19 00:05:50.859
38550,87.0032,1,2024-04-19 00:05:50.859
38440,150,0,2024-04-19 00:05:55.976
38420,150,0,2024-04-19 00:05:55.976
38410,100,0,2024-04-19 00:05:55.976
38380,348.568,0,2024-04-19 00:05:55.976
38370,10.9178,0,2024-04-19 00:05:55.976
38510,221.6359,1,2024-04-19 00:05:55.976
38520,27.4801,1,2024-04-19 00:05:55.976
38530,527.4801,1,2024-04-19 00:05:55.976
38540,327.8087,1,2024-04-19 00:05:55.976
38550,37.0032,1,2024-04-19 00:05:55.976
38420,50,0,2024-04-19 00:06:01.083
38410,100,0,2024-04-19 00:06:01.083
38390,150,0,2024-04-19 00:06:01.083
38370,110.9178,0,2024-04-19 00:06:01.083
38350,100,0,2024-04-19 00:06:01.083
38490,27.4801,1,2024-04-19 00:06:01.083
38500,27.4801,1,2024-04-19 00:06:01.083
38510,259.9183,1,2024-04-19 00:06:01.083
38520,123.9901,1,2024-04-19 00:06:01.083
38530,596.1505,1,2024-04-19 00:06:01.083
38370,10.9178,0,2024-04-19 00:06:06.222
38360,50,0,2024-04-19 00:06:06.222
38350,405.885,0,2024-04-19 00:06:06.222
38320,200,0,2024-04-19 00:06:06.222
38310,518.9566,0,2024-04-19 00:06:06.222
38470,27.4801,1,2024-04-19 00:06:06.222
38480,65.4505,1,2024-04-19 00:06:06.222
38490,64.9513,1,2024-04-19 00:06:06.222
38500,27.4801,1,2024-04-19 00:06:06.222
38510,259.9183,1,2024-04-19 00:06:06.222
38390,38.4933,0,2024-04-19 00:06:11.355
38370,10.9178,0,2024-04-19 00:06:11.355
38360,50,0,2024-04-19 00:06:11.355
38350,405.885,0,2024-04-19 00:06:11.355
38340,26.062,0,2024-04-19 00:06:11.355
38490,27.4801,1,2024-04-19 00:06:11.355
38500,27.4801,1,2024-04-19 00:06:11.355
38510,221.6359,1,2024-04-19 00:06:11.355
38520,136.6956,1,2024-04-19 00:06:11.355
38530,581.012,1,2024-04-19 00:06:11.355
38390,88.4933,0,2024-04-19 00:06:16.451
38380,26.0552,0,2024-04-19 00:06:16.451
38370,110.9178,0,2024-04-19 00:06:16.451
38350,150,0,2024-04-19 00:06:16.451
38330,200,0,2024-04-19 00:06:16.451
38490,27.4801,1,2024-04-19 00:06:16.451
38500,66.9793,1,2024-04-19 00:06:16.451
38510,288.3656,1,2024-04-19 00:06:16.451
38520,164.1757,1,2024-04-19 00:06:16.451
38530,581.012,1,2024-04-19 00:06:16.451
38430,100,0,2024-04-19 00:06:21.552
38410,50,0,2024-04-19 00:06:21.552
38390,150,0,2024-04-19 00:06:21.552
38380,26.0552,0,2024-04-19 00:06:21.552
38370,110.9178,0,2024-04-19 00:06:21.552
38480,55.4089,1,2024-04-19 00:06:21.552
38510,249.116,1,2024-04-19 00:06:21.552
38520,173.9901,1,2024-04-19 00:06:21.552
38530,631.012,1,2024-04-19 00:06:21.552
38540,414.9679,1,2024-04-19 00:06:21.552
38420,50,0,2024-04-19 00:06:26.684
38410,100,0,2024-04-19 00:06:26.684
38390,150,0,2024-04-19 00:06:26.684
38380,26.0552,0,2024-04-19 00:06:26.684
38370,110.9178,0,2024-04-19 00:06:26.684
38480,55.4089,1,2024-04-19 00:06:26.684
38510,249.116,1,2024-04-19 00:06:26.684
38520,123.9901,1,2024-04-19 00:06:26.684
38530,568.5456,1,2024-04-19 00:06:26.684
38540,564.9679,1,2024-04-19 00:06:26.684
38430,100,0,2024-04-19 00:06:31.773
38420,88.4933,0,2024-04-19 00:06:31.773
38390,150,0,2024-04-19 00:06:31.773
38380,26.0552,0,2024-04-19 00:06:31.773
38370,110.9178,0,2024-04-19 00:06:31.773
38480,55.4089,1,2024-04-19 00:06:31.773
38510,249.116,1,2024-04-19 00:06:31.773
38520,173.9901,1,2024-04-19 00:06:31.773
38530,568.5456,1,2024-04-19 00:06:31.773
38540,514.9679,1,2024-04-19 00:06:31.773
38430,98.2747,0,2024-04-19 00:06:36.862
38420,50,0,2024-04-19 00:06:36.862
38390,150,0,2024-04-19 00:06:36.862
38380,26.0552,0,2024-04-19 00:06:36.862
38370,110.9178,0,2024-04-19 00:06:36.862
38480,55.4089,1,2024-04-19 00:06:36.862
38510,249.116,1,2024-04-19 00:06:36.862
38520,123.9901,1,2024-04-19 00:06:36.862
38530,618.92,1,2024-04-19 00:06:36.862
38540,514.9679,1,2024-04-19 00:06:36.862
38450,100,0,2024-04-19 00:06:41.980
38430,50,0,2024-04-19 00:06:41.980
38420,150,0,2024-04-19 00:06:41.980
38400,100,0,2024-04-19 00:06:41.980
38380,52.063,0,2024-04-19 00:06:41.980
38480,55.4089,1,2024-04-19 00:06:41.980
38510,221.6359,1,2024-04-19 00:06:41.980
38520,123.9901,1,2024-04-19 00:06:41.980
38530,618.92,1,2024-04-19 00:06:41.980
38540,414.9679,1,2024-04-19 00:06:41.980
38470,100,0,2024-04-19 00:06:47.098
38450,50,0,2024-04-19 00:06:47.098
38420,250,0,2024-04-19 00:06:47.098
38390,100,0,2024-04-19 00:06:47.098
38380,52.063,0,2024-04-19 00:06:47.098
38480,55.4089,1,2024-04-19 00:06:47.098
38510,221.6359,1,2024-04-19 00:06:47.098
38520,96.51,1,2024-04-19 00:06:47.098
38530,581.012,1,2024-04-19 00:06:47.098
38540,414.9679,1,2024-04-19 00:06:47.098
38460,100,0,2024-04-19 00:06:52.222
38450,50,0,2024-04-19 00:06:52.222
38420,250,0,2024-04-19 00:06:52.222
38390,100,0,2024-04-19 00:06:52.222
38380,26.0552,0,2024-04-19 00:06:52.222
38480,55.4089,1,2024-04-19 00:06:52.222
38510,221.6359,1,2024-04-19 00:06:52.222
38520,123.9901,1,2024-04-19 00:06:52.222
38530,669.9808,1,2024-04-19 00:06:52.222
38540,314.9679,1,2024-04-19 00:06:52.222
38440,100,0,2024-04-19 00:06:57.312
38430,50,0,2024-04-19 00:06:57.312
38420,150,0,2024-04-19 00:06:57.312
38390,200,0,2024-04-19 00:06:57.312
38380,26.0552,0,2024-04-19 00:06:57.312
38480,55.4089,1,2024-04-19 00:06:57.312
38510,221.6359,1,2024-04-19 00:06:57.312
38520,213.8637,1,2024-04-19 00:06:57.312
38530,69.9808,1,2024-04-19 00:06:57.312
38540,314.9679,1,2024-04-19 00:06:57.312
38450,4.4445,0,2024-04-19 00:07:02.829
38430,100,0,2024-04-19 00:07:02.829
38420,50,0,2024-04-19 00:07:02.829
38390,250,0,2024-04-19 00:07:02.829
38380,26.0552,0,2024-04-19 00:07:02.829
38480,55.4089,1,2024-04-19 00:07:02.829
38510,221.6359,1,2024-04-19 00:07:02.829
38520,163.8637,1,2024-04-19 00:07:02.829
38530,69.9808,1,2024-04-19 00:07:02.829
38540,314.9679,1,2024-04-19 00:07:02.829
38430,100,0,2024-04-19 00:07:07.929
38400,50,0,2024-04-19 00:07:07.929
38390,150,0,2024-04-19 00:07:07.929
38380,26.0552,0,2024-04-19 00:07:07.929
38370,266.7618,0,2024-04-19 00:07:07.929
38450,495.5554,1,2024-04-19 00:07:07.929
38480,55.4089,1,2024-04-19 00:07:07.929
38490,27.4801,1,2024-04-19 00:07:07.929
38510,336.556,1,2024-04-19 00:07:07.929
38520,263.8637,1,2024-04-19 00:07:07.929
38430,100,0,2024-04-19 00:07:13.049
38400,50,0,2024-04-19 00:07:13.049
38390,150,0,2024-04-19 00:07:13.049
38380,26.0552,0,2024-04-19 00:07:13.049
38370,110.9178,0,2024-04-19 00:07:13.049
38450,495.5554,1,2024-04-19 00:07:13.049
38480,55.4089,1,2024-04-19 00:07:13.049
38500,0.7792,1,2024-04-19 00:07:13.049
38510,286.556,1,2024-04-19 00:07:13.049
38520,344.8757,1,2024-04-19 00:07:13.049
38440,100,0,2024-04-19 00:07:18.181
38380,114.3688,0,2024-04-19 00:07:18.181
38370,10.9178,0,2024-04-19 00:07:18.181
38360,187.8144,0,2024-04-19 00:07:18.181
38350,387.8234,0,2024-04-19 00:07:18.181
38450,495.5554,1,2024-04-19 00:07:18.181
38480,55.4089,1,2024-04-19 00:07:18.181
38500,0.7792,1,2024-04-19 00:07:18.181
38510,221.6359,1,2024-04-19 00:07:18.181
38520,155.0021,1,2024-04-19 00:07:18.181
38440,100,0,2024-04-19 00:07:23.442
38430,3.3368,0,2024-04-19 00:07:23.442
38400,50,0,2024-04-19 00:07:23.442
38390,188.4696,0,2024-04-19 00:07:23.442
38380,64.3688,0,2024-04-19 00:07:23.442
38450,301.6747,1,2024-04-19 00:07:23.442
38480,55.4089,1,2024-04-19 00:07:23.442
38500,0.7792,1,2024-04-19 00:07:23.442
38510,221.6359,1,2024-04-19 00:07:23.442
38520,96.51,1,2024-04-19 00:07:23.442
38430,33.3368,0,2024-04-19 00:07:28.658
38420,89.2808,0,2024-04-19 00:07:28.658
38410,38.8752,0,2024-04-19 00:07:28.658
38400,87.7401,0,2024-04-19 00:07:28.658
38390,288.4696,0,2024-04-19 00:07:28.658
38450,240.2586,1,2024-04-19 00:07:28.658
38480,55.4089,1,2024-04-19 00:07:28.658
38500,0.7792,1,2024-04-19 00:07:28.658
38510,221.6359,1,2024-04-19 00:07:28.658
38540,250.3286,1,2024-04-19 00:07:28.658
38440,38.4933,0,2024-04-19 00:07:33.775
38430,103.3368,0,2024-04-19 00:07:33.775
38410,38.8752,0,2024-04-19 00:07:33.775
38400,114.8273,0,2024-04-19 00:07:33.775
38390,288.4696,0,2024-04-19 00:07:33.775
38450,233.4273,1,2024-04-19 00:07:33.775
38480,55.4089,1,2024-04-19 00:07:33.775
38500,0.7792,1,2024-04-19 00:07:33.775
38510,221.6359,1,2024-04-19 00:07:33.775
38540,250.3286,1,2024-04-19 00:07:33.775
38430,33.3368,0,2024-04-19 00:07:38.873
38420,39.6552,0,2024-04-19 00:07:38.873
38410,38.8752,0,2024-04-19 00:07:38.873
38400,114.8273,0,2024-04-19 00:07:38.873
38390,288.4696,0,2024-04-19 00:07:38.873
38450,217.201,1,2024-04-19 00:07:38.873
38500,0.7792,1,2024-04-19 00:07:38.873
38540,250.3286,1,2024-04-19 00:07:38.873
38550,117.4785,1,2024-04-19 00:07:38.873
38560,395.682,1,2024-04-19 00:07:38.873
38430,3.3368,0,2024-04-19 00:07:43.985
38420,89.6552,0,2024-04-19 00:07:43.985
38410,38.8752,0,2024-04-19 00:07:43.985
38400,113.5187,0,2024-04-19 00:07:43.985
38390,288.4696,0,2024-04-19 00:07:43.985
38450,178.7077,1,2024-04-19 00:07:43.985
38500,0.7792,1,2024-04-19 00:07:43.985
38540,300.3286,1,2024-04-19 00:07:43.985
38550,267.5204,1,2024-04-19 00:07:43.985
38560,168.16,1,2024-04-19 00:07:43.985
38430,93.2292,0,2024-04-19 00:07:49.090
38410,40.4352,0,2024-04-19 00:07:49.090
38400,88.8128,0,2024-04-19 00:07:49.090
38390,288.4696,0,2024-04-19 00:07:49.090
38380,52.0765,0,2024-04-19 00:07:49.090
38450,73.4124,1,2024-04-19 00:07:49.090
38500,0.7792,1,2024-04-19 00:07:49.090
38530,50,1,2024-04-19 00:07:49.090
38540,288.8606,1,2024-04-19 00:07:49.090
38550,195.0005,1,2024-04-19 00:07:49.090
38490,100,0,2024-04-19 00:07:54.289
38450,0.9551,0,2024-04-19 00:07:54.289
38430,38.7504,0,2024-04-19 00:07:54.289
38420,190.3416,0,2024-04-19 00:07:54.289
38410,40.4352,0,2024-04-19 00:07:54.289
38500,0.7792,1,2024-04-19 00:07:54.289
38540,250.3286,1,2024-04-19 00:07:54.289
38560,0.8375,1,2024-04-19 00:07:54.289
38570,50,1,2024-04-19 00:07:54.289
38580,192.9101,1,2024-04-19 00:07:54.289
38470,150,0,2024-04-19 00:07:59.362
38440,190.092,0,2024-04-19 00:07:59.362
38430,138.7504,0,2024-04-19 00:07:59.362
38420,64.097,0,2024-04-19 00:07:59.362
38410,140.4352,0,2024-04-19 00:07:59.362
38500,0.7792,1,2024-04-19 00:07:59.362
38540,250.3286,1,2024-04-19 00:07:59.362
38550,50,1,2024-04-19 00:07:59.362
38560,100.8375,1,2024-04-19 00:07:59.362
38570,67.6969,1,2024-04-19 00:07:59.362
38500,100,0,2024-04-19 00:08:04.439
38490,50,0,2024-04-19 00:08:04.439
38470,150,0,2024-04-19 00:08:04.439
38460,100,0,2024-04-19 00:08:04.439
38450,39.78,0,2024-04-19 00:08:04.439
38540,249.7989,1,2024-04-19 00:08:04.439
38560,0.8375,1,2024-04-19 00:08:04.439
38580,65.3881,1,2024-04-19 00:08:04.439
38590,67.6969,1,2024-04-19 00:08:04.439
38600,28.8268,1,2024-04-19 00:08:04.439
38500,100,0,2024-04-19 00:08:09.644
38470,200,0,2024-04-19 00:08:09.644
38460,40.0608,0,2024-04-19 00:08:09.644
38450,60.9331,0,2024-04-19 00:08:09.644
38440,38.7192,0,2024-04-19 00:08:09.644
38530,221.6359,1,2024-04-19 00:08:09.644
38540,249.7989,1,2024-04-19 00:08:09.644
38560,0.8375,1,2024-04-19 00:08:09.644
38590,117.6969,1,2024-04-19 00:08:09.644
38600,128.8268,1,2024-04-19 00:08:09.644
38490,68.4933,0,2024-04-19 00:08:14.765
38480,40.4976,0,2024-04-19 00:08:14.765
38470,138.1888,0,2024-04-19 00:08:14.765
38460,195.4696,0,2024-04-19 00:08:14.765
38450,39.78,0,2024-04-19 00:08:14.765
38530,216.931,1,2024-04-19 00:08:14.765
38540,249.7989,1,2024-04-19 00:08:14.765
38560,0.8375,1,2024-04-19 00:08:14.765
38600,1.3467,1,2024-04-19 00:08:14.765
38610,216.8609,1,2024-04-19 00:08:14.765
38510,30,0,2024-04-19 00:08:19.870
38500,38.4933,0,2024-04-19 00:08:19.870
38480,195.8976,0,2024-04-19 00:08:19.870
38470,138.1888,0,2024-04-19 00:08:19.870
38460,90.0296,0,2024-04-19 00:08:19.870
38530,216.931,1,2024-04-19 00:08:19.870
38540,249.7989,1,2024-04-19 00:08:19.870
38560,0.8375,1,2024-04-19 00:08:19.870
38600,40.9395,1,2024-04-19 00:08:19.870
38610,216.8609,1,2024-04-19 00:08:19.870
38480,138.9688,0,2024-04-19 00:08:24.989
38470,205.4,0,2024-04-19 00:08:24.989
38460,274.3485,0,2024-04-19 00:08:24.989
38450,39.78,0,2024-04-19 00:08:24.989
38440,37.3152,0,2024-04-19 00:08:24.989
38510,40.7129,1,2024-04-19 00:08:24.989
38530,216.931,1,2024-04-19 00:08:24.989
38540,249.7989,1,2024-04-19 00:08:24.989
38560,0.8375,1,2024-04-19 00:08:24.989
38600,1.3467,1,2024-04-19 00:08:24.989
38530,14.1722,0,2024-04-19 00:08:30.127
38500,30,0,2024-04-19 00:08:30.127
38480,194.2488,0,2024-04-19 00:08:30.127
38460,65.2683,0,2024-04-19 00:08:30.127
38450,50,0,2024-04-19 00:08:30.127
38540,249.7989,1,2024-04-19 00:08:30.127
38560,0.8375,1,2024-04-19 00:08:30.127
38600,66.6724,1,2024-04-19 00:08:30.127
38610,139.6928,1,2024-04-19 00:08:30.127
38620,93.3776,1,2024-04-19 00:08:30.127
38500,39.5495,0,2024-04-19 00:08:35.213
38430,36.66,0,2024-04-19 00:08:35.213
38420,75.9875,0,2024-04-19 00:08:35.213
38410,140.5288,0,2024-04-19 00:08:35.213
38400,301.3751,0,2024-04-19 00:08:35.213
38540,249.7989,1,2024-04-19 00:08:35.213
38560,66.0696,1,2024-04-19 00:08:35.213
38570,65.1385,1,2024-04-19 00:08:35.213
38580,40.2792,1,2024-04-19 00:08:35.213
38590,77.4801,1,2024-04-19 00:08:35.213
38500,39.8092,0,2024-04-19 00:08:40.337
38470,37.596,0,2024-04-19 00:08:40.337
38450,40.1232,0,2024-04-19 00:08:40.337
38420,75.9875,0,2024-04-19 00:08:40.337
38410,100,0,2024-04-19 00:08:40.337
38540,249.7989,1,2024-04-19 00:08:40.337
38560,0.8375,1,2024-04-19 00:08:40.337
38600,1.3467,1,2024-04-19 00:08:40.337
38610,166.7673,1,2024-04-19 00:08:40.337
38620,143.4712,1,2024-04-19 00:08:40.337
38500,39.8092,0,2024-04-19 00:08:45.493
38490,39.9048,0,2024-04-19 00:08:45.493
38480,38.9688,0,2024-04-19 00:08:45.493
38470,37.596,0,2024-04-19 00:08:45.493
38460,25.974,0,2024-04-19 00:08:45.493
38530,42.409,1,2024-04-19 00:08:45.493
38540,249.7989,1,2024-04-19 00:08:45.493
38560,0.8375,1,2024-04-19 00:08:45.493
38600,1.3467,1,2024-04-19 00:08:45.493
38610,28.0169,1,2024-04-19 00:08:45.493
38500,39.8092,0,2024-04-19 00:08:50.633
38480,38.9688,0,2024-04-19 00:08:50.633
38470,37.596,0,2024-04-19 00:08:50.633
38460,324.335,0,2024-04-19 00:08:50.633
38450,140.1232,0,2024-04-19 00:08:50.633
38530,4.009,1,2024-04-19 00:08:50.633
38540,249.7989,1,2024-04-19 00:08:50.633
38560,0.8375,1,2024-04-19 00:08:50.633
38600,1.3467,1,2024-04-19 00:08:50.633
38610,116.4241,1,2024-04-19 00:08:50.633
38530,11.5631,0,2024-04-19 00:08:55.737
38500,39.8092,0,2024-04-19 00:08:55.737
38490,37.8768,0,2024-04-19 00:08:55.737
38480,38.9688,0,2024-04-19 00:08:55.737
38470,37.596,0,2024-04-19 00:08:55.737
38540,249.7989,1,2024-04-19 00:08:55.737
38560,0.8375,1,2024-04-19 00:08:55.737
38600,1.3467,1,2024-04-19 00:08:55.737
38610,66.4241,1,2024-04-19 00:08:55.737
38620,193.4712,1,2024-04-19 00:08:55.737
38530,5.5301,0,2024-04-19 00:09:00.895
38500,79.09,0,2024-04-19 00:09:00.895
38490,37.8768,0,2024-04-19 00:09:00.895
38480,138.9688,0,2024-04-19 00:09:00.895
38470,37.596,0,2024-04-19 00:09:00.895
38540,249.7989,1,2024-04-19 00:09:00.895
38560,0.8375,1,2024-04-19 00:09:00.895
38600,1.3467,1,2024-04-19 00:09:00.895
38610,0.5368,1,2024-04-19 00:09:00.895
38620,27.3967,1,2024-04-19 00:09:00.895
38500,297.353,0,2024-04-19 00:09:06.014
38490,137.8768,0,2024-04-19 00:09:06.014
38480,88.9688,0,2024-04-19 00:09:06.014
38460,51.948,0,2024-04-19 00:09:06.014
38440,150,0,2024-04-19 00:09:06.014
38540,236.4289,1,2024-04-19 00:09:06.014
38560,0.8375,1,2024-04-19 00:09:06.014
38600,1.3467,1,2024-04-19 00:09:06.014
38610,0.5368,1,2024-04-19 00:09:06.014
38620,66.2095,1,2024-04-19 00:09:06.014
38510,30,0,2024-04-19 00:09:11.125
38500,9.8092,0,2024-04-19 00:09:11.125
38470,37.8144,0,2024-04-19 00:09:11.125
38460,90.9792,0,2024-04-19 00:09:11.125
38420,125.9875,0,2024-04-19 00:09:11.125
38540,223.4289,1,2024-04-19 00:09:11.125
38560,0.8375,1,2024-04-19 00:09:11.125
38590,37.8456,1,2024-04-19 00:09:11.125
38600,1.3467,1,2024-04-19 00:09:11.125
38610,188.8192,1,2024-04-19 00:09:11.125
38510,30,0,2024-04-19 00:09:16.257
38500,9.8092,0,2024-04-19 00:09:16.257
38490,39.1248,0,2024-04-19 00:09:16.257
38480,38.9064,0,2024-04-19 00:09:16.257
38470,412.6126,0,2024-04-19 00:09:16.257
38540,219.2608,1,2024-04-19 00:09:16.257
38560,0.8375,1,2024-04-19 00:09:16.257
38600,1.3467,1,2024-04-19 00:09:16.257
38610,138.8192,1,2024-04-19 00:09:16.257
38620,117.1455,1,2024-04-19 00:09:16.257
38520,30,0,2024-04-19 00:09:21.658
38510,137.44,0,2024-04-19 00:09:21.658
38500,50.2756,0,2024-04-19 00:09:21.658
38490,39.1248,0,2024-04-19 00:09:21.658
38470,161.4892,0,2024-04-19 00:09:21.658
38540,191.835,1,2024-04-19 00:09:21.658
38560,0.8375,1,2024-04-19 00:09:21.658
38600,1.3467,1,2024-04-19 00:09:21.658
38610,0.5368,1,2024-04-19 00:09:21.658
38620,27.3967,1,2024-04-19 00:09:21.658
38530,40.4976,0,2024-04-19 00:09:26.765
38520,139.1872,0,2024-04-19 00:09:26.765
38510,37.44,0,2024-04-19 00:09:26.765
38500,50.2756,0,2024-04-19 00:09:26.765
38470,51.921,0,2024-04-19 00:09:26.765
38540,159.0766,1,2024-04-19 00:09:26.765
38560,0.8375,1,2024-04-19 00:09:26.765
38600,1.3467,1,2024-04-19 00:09:26.765
38610,8.2198,1,2024-04-19 00:09:26.765
38620,27.3967,1,2024-04-19 00:09:26.765
38530,140.4976,0,2024-04-19 00:09:31.885
38520,39.1872,0,2024-04-19 00:09:31.885
38510,37.44,0,2024-04-19 00:09:31.885
38500,50.2756,0,2024-04-19 00:09:31.885
38490,50,0,2024-04-19 00:09:31.885
38540,0.0001,1,2024-04-19 00:09:31.885
38560,0.8375,1,2024-04-19 00:09:31.885
38600,1.3467,1,2024-04-19 00:09:31.885
38610,8.2198,1,2024-04-19 00:09:31.885
38620,27.3967,1,2024-04-19 00:09:31.885
38530,100,0,2024-04-19 00:09:37.007
38520,39.1872,0,2024-04-19 00:09:37.007
38510,37.44,0,2024-04-19 00:09:37.007
38500,50.2756,0,2024-04-19 00:09:37.007
38490,50,0,2024-04-19 00:09:37.007
38540,0.0001,1,2024-04-19 00:09:37.007
38560,0.8375,1,2024-04-19 00:09:37.007
38600,1.3467,1,2024-04-19 00:09:37.007
38610,8.2198,1,2024-04-19 00:09:37.007
38620,27.3967,1,2024-04-19 00:09:37.007
38510,30,0,2024-04-19 00:09:42.331
38500,162.7892,0,2024-04-19 00:09:42.331
38490,155.239,0,2024-04-19 00:09:42.331
38480,36.4416,0,2024-04-19 00:09:42.331
38470,41.6832,0,2024-04-19 00:09:42.331
38540,0.0001,1,2024-04-19 00:09:42.331
38560,0.8375,1,2024-04-19 00:09:42.331
38600,1.3467,1,2024-04-19 00:09:42.331
38610,74.8247,1,2024-04-19 00:09:42.331
38620,93.3152,1,2024-04-19 00:09:42.331
38510,69.8112,0,2024-04-19 00:09:47.601
38500,201.6644,0,2024-04-19 00:09:47.601
38490,193.615,0,2024-04-19 00:09:47.601
38480,36.4416,0,2024-04-19 00:09:47.601
38460,114.1013,0,2024-04-19 00:09:47.601
38540,0.0001,1,2024-04-19 00:09:47.601
38560,0.8375,1,2024-04-19 00:09:47.601
38600,1.3467,1,2024-04-19 00:09:47.601
38610,8.2198,1,2024-04-19 00:09:47.601
38620,27.3967,1,2024-04-19 00:09:47.601
38520,30,0,2024-04-19 00:09:52.733
38510,139.8112,0,2024-04-19 00:09:52.733
38500,101.6644,0,2024-04-19 00:09:52.733
38490,193.615,0,2024-04-19 00:09:52.733
38480,36.4416,0,2024-04-19 00:09:52.733
38560,0.8375,1,2024-04-19 00:09:52.733
38600,1.3467,1,2024-04-19 00:09:52.733
38610,8.2198,1,2024-04-19 00:09:52.733
38620,27.3967,1,2024-04-19 00:09:52.733
38630,35.1116,1,2024-04-19 00:09:52.733
38540,267.6919,0,2024-04-19 00:09:57.880
38530,100,0,2024-04-19 00:09:57.880
38510,39.8112,0,2024-04-19 00:09:57.880
38500,248.6844,0,2024-04-19 00:09:57.880
38490,193.615,0,2024-04-19 00:09:57.880
38560,0.8375,1,2024-04-19 00:09:57.880
38600,1.3467,1,2024-04-19 00:09:57.880
38610,8.2198,1,2024-04-19 00:09:57.880
38620,27.3967,1,2024-04-19 00:09:57.880
38630,7.6315,1,2024-04-19 00:09:57.880
38550,30,0,2024-04-19 00:10:03.038
38540,367.6919,0,2024-04-19 00:10:03.038
38520,39.468,0,2024-04-19 00:10:03.038
38510,39.8112,0,2024-04-19 00:10:03.038
38500,101.928,0,2024-04-19 00:10:03.038
38560,0.8375,1,2024-04-19 00:10:03.038
38600,1.3467,1,2024-04-19 00:10:03.038
38610,8.2198,1,2024-04-19 00:10:03.038
38620,27.3967,1,2024-04-19 00:10:03.038
38630,7.6315,1,2024-04-19 00:10:03.038
38550,30,0,2024-04-19 00:10:08.178
38540,267.6919,0,2024-04-19 00:10:08.178
38520,155.159,0,2024-04-19 00:10:08.178
38510,100,0,2024-04-19 00:10:08.178
38500,13.0528,0,2024-04-19 00:10:08.178
38560,0.8375,1,2024-04-19 00:10:08.178
38600,1.3467,1,2024-04-19 00:10:08.178
38610,8.2198,1,2024-04-19 00:10:08.178
38620,27.3967,1,2024-04-19 00:10:08.178
38630,74.4236,1,2024-04-19 00:10:08.178
38550,30,0,2024-04-19 00:10:13.254
38540,267.6919,0,2024-04-19 00:10:13.254
38520,255.159,0,2024-04-19 00:10:13.254
38500,63.0528,0,2024-04-19 00:10:13.254
38480,189.936,0,2024-04-19 00:10:13.254
38600,1.3467,1,2024-04-19 00:10:13.254
38610,74.6999,1,2024-04-19 00:10:13.254
38620,116.2407,1,2024-04-19 00:10:13.254
38630,174.4236,1,2024-04-19 00:10:13.254
38640,206.3386,1,2024-04-19 00:10:13.254
38560,51.8672,0,2024-04-19 00:10:18.364
38540,267.6919,0,2024-04-19 00:10:18.364
38500,13.0528,0,2024-04-19 00:10:18.364
38480,37.908,0,2024-04-19 00:10:18.364
38460,164.7464,0,2024-04-19 00:10:18.364
38600,1.3467,1,2024-04-19 00:10:18.364
38610,35.6999,1,2024-04-19 00:10:18.364
38620,66.2407,1,2024-04-19 00:10:18.364
38630,74.4236,1,2024-04-19 00:10:18.364
38640,56.3386,1,2024-04-19 00:10:18.364
38560,51.8672,0,2024-04-19 00:10:23.446
38540,267.6919,0,2024-04-19 00:10:23.446
38530,100,0,2024-04-19 00:10:23.446
38510,50,0,2024-04-19 00:10:23.446
38500,13.0528,0,2024-04-19 00:10:23.446
38590,27.4801,1,2024-04-19 00:10:23.446
38600,78.8268,1,2024-04-19 00:10:23.446
38610,175.7919,1,2024-04-19 00:10:23.446
38620,66.2407,1,2024-04-19 00:10:23.446
38630,74.4236,1,2024-04-19 00:10:23.446
38540,267.6919,0,2024-04-19 00:10:28.557
38500,13.0528,0,2024-04-19 00:10:28.557
38480,38.7504,0,2024-04-19 00:10:28.557
38460,64.9869,0,2024-04-19 00:10:28.557
38450,540.1856,0,2024-04-19 00:10:28.557
38600,28.8268,1,2024-04-19 00:10:28.557
38610,75.7919,1,2024-04-19 00:10:28.557
38620,93.7208,1,2024-04-19 00:10:28.557
38630,7.6315,1,2024-04-19 00:10:28.557
38640,67.3074,1,2024-04-19 00:10:28.557
38540,267.6919,0,2024-04-19 00:10:33.634
38510,100,0,2024-04-19 00:10:33.634
38500,52.8328,0,2024-04-19 00:10:33.634
38490,38.7816,0,2024-04-19 00:10:33.634
38480,38.7504,0,2024-04-19 00:10:33.634
38600,6.5334,1,2024-04-19 00:10:33.634
38610,8.2198,1,2024-04-19 00:10:33.634
38620,54.8768,1,2024-04-19 00:10:33.634
38630,74.1428,1,2024-04-19 00:10:33.634
38640,83.1635,1,2024-04-19 00:10:33.634
38540,316.7964,0,2024-04-19 00:10:38.753
38500,51.46,0,2024-04-19 00:10:38.753
38490,38.7816,0,2024-04-19 00:10:38.753
38480,200.1524,0,2024-04-19 00:10:38.753
38470,50,0,2024-04-19 00:10:38.753
38600,6.5334,1,2024-04-19 00:10:38.753
38610,35.6999,1,2024-04-19 00:10:38.753
38620,27.3967,1,2024-04-19 00:10:38.753
38630,7.6315,1,2024-04-19 00:10:38.753
38640,84.1619,1,2024-04-19 00:10:38.753
38540,316.7964,0,2024-04-19 00:10:43.867
38500,113.0528,0,2024-04-19 00:10:43.867
38480,88.7504,0,2024-04-19 00:10:43.867
38460,189.6134,0,2024-04-19 00:10:43.867
38450,500,0,2024-04-19 00:10:43.867
38600,6.5334,1,2024-04-19 00:10:43.867
38610,8.2198,1,2024-04-19 00:10:43.867
38620,65.3047,1,2024-04-19 00:10:43.867
38630,72.6452,1,2024-04-19 00:10:43.867
38640,84.1619,1,2024-04-19 00:10:43.867
38540,316.7964,0,2024-04-19 00:10:48.996
38500,74.4238,0,2024-04-19 00:10:48.996
38490,139.8424,0,2024-04-19 00:10:48.996
38480,188.7504,0,2024-04-19 00:10:48.996
38470,50,0,2024-04-19 00:10:48.996
38600,6.5334,1,2024-04-19 00:10:48.996
38610,8.2198,1,2024-04-19 00:10:48.996
38620,27.3967,1,2024-04-19 00:10:48.996
38630,72.6452,1,2024-04-19 00:10:48.996
38640,84.1619,1,2024-04-19 00:10:48.996
38540,316.7964,0,2024-04-19 00:10:54.133
38510,39.9984,0,2024-04-19 00:10:54.133
38500,399.095,0,2024-04-19 00:10:54.133
38490,63.3983,0,2024-04-19 00:10:54.133
38480,88.7504,0,2024-04-19 00:10:54.133
38600,6.5334,1,2024-04-19 00:10:54.133
38610,22.072,1,2024-04-19 00:10:54.133
38620,27.3967,1,2024-04-19 00:10:54.133
38630,35.1116,1,2024-04-19 00:10:54.133
38640,84.1619,1,2024-04-19 00:10:54.133
38540,316.7964,0,2024-04-19 00:10:59.243
38530,50,0,2024-04-19 00:10:59.243
38510,438.4914,0,2024-04-19 00:10:59.243
38500,50.992,0,2024-04-19 00:10:59.243
38490,39.8424,0,2024-04-19 00:10:59.243
38600,6.5334,1,2024-04-19 00:10:59.243
38610,22.072,1,2024-04-19 00:10:59.243
38620,27.3967,1,2024-04-19 00:10:59.243
38630,57.6315,1,2024-04-19 00:10:59.243
38640,184.1619,1,2024-04-19 00:10:59.243
38540,423.4244,0,2024-04-19 00:11:04.369
38530,37.7832,0,2024-04-19 00:11:04.369
38520,139.8112,0,2024-04-19 00:11:04.369
38510,39.9984,0,2024-04-19 00:11:04.369
38500,63.0528,0,2024-04-19 00:11:04.369
38600,6.5334,1,2024-04-19 00:11:04.369
38610,22.072,1,2024-04-19 00:11:04.369
38620,27.3967,1,2024-04-19 00:11:04.369
38630,7.6315,1,2024-04-19 00:11:04.369
38640,17.3074,1,2024-04-19 00:11:04.369
38540,316.7964,0,2024-04-19 00:11:09.452
38530,247.91,0,2024-04-19 00:11:09.452
38520,38.8128,0,2024-04-19 00:11:09.452
38510,39.9984,0,2024-04-19 00:11:09.452
38500,13.0528,0,2024-04-19 00:11:09.452
38600,6.5334,1,2024-04-19 00:11:09.452
38610,22.072,1,2024-04-19 00:11:09.452
38620,27.3967,1,2024-04-19 00:11:09.452
38630,7.6315,1,2024-04-19 00:11:09.452
38640,17.3074,1,2024-04-19 00:11:09.452
38540,357.294,0,2024-04-19 00:11:14.571
38520,139.9672,0,2024-04-19 00:11:14.571
38510,39.9984,0,2024-04-19 00:11:14.571
38500,13.0528,0,2024-04-19 00:11:14.571
38480,50,0,2024-04-19 00:11:14.571
38600,6.5334,1,2024-04-19 00:11:14.571
38610,22.072,1,2024-04-19 00:11:14.571
38620,27.3967,1,2024-04-19 00:11:14.571
38630,7.6315,1,2024-04-19 00:11:14.571
38640,17.3074,1,2024-04-19 00:11:14.571
38540,316.7964,0,2024-04-19 00:11:19.654
38510,100,0,2024-04-19 00:11:19.654
38500,13.0528,0,2024-04-19 00:11:19.654
38490,37.8768,0,2024-04-19 00:11:19.654
38480,40.6224,0,2024-04-19 00:11:19.654
38600,6.5334,1,2024-04-19 00:11:19.654
38610,22.072,1,2024-04-19 00:11:19.654
38620,27.3967,1,2024-04-19 00:11:19.654
38630,35.1116,1,2024-04-19 00:11:19.654
38640,84.2867,1,2024-04-19 00:11:19.654
38540,316.7964,0,2024-04-19 00:11:24.756
38500,13.0528,0,2024-04-19 00:11:24.756
38490,37.8768,0,2024-04-19 00:11:24.756
38480,40.6224,0,2024-04-19 00:11:24.756
38470,150,0,2024-04-19 00:11:24.756
38600,5.7513,1,2024-04-19 00:11:24.756
38610,22.072,1,2024-04-19 00:11:24.756
38620,27.3967,1,2024-04-19 00:11:24.756
38630,73.394,1,2024-04-19 00:11:24.756
38640,84.2867,1,2024-04-19 00:11:24.756
38540,316.7964,0,2024-04-19 00:11:29.878
38500,52.24,0,2024-04-19 00:11:29.878
38490,37.8768,0,2024-04-19 00:11:29.878
38480,40.6224,0,2024-04-19 00:11:29.878
38470,150,0,2024-04-19 00:11:29.878
38600,5.7513,1,2024-04-19 00:11:29.878
38610,22.072,1,2024-04-19 00:11:29.878
38620,27.3967,1,2024-04-19 00:11:29.878
38630,7.6315,1,2024-04-19 00:11:29.878
38640,84.2867,1,2024-04-19 00:11:29.878
38540,316.7964,0,2024-04-19 00:11:35.341
38520,37.908,0,2024-04-19 00:11:35.341
38510,287.9116,0,2024-04-19 00:11:35.341
38500,13.0528,0,2024-04-19 00:11:35.341
38490,40.0296,0,2024-04-19 00:11:35.341
38600,5.7513,1,2024-04-19 00:11:35.341
38610,22.072,1,2024-04-19 00:11:35.341
38620,27.3967,1,2024-04-19 00:11:35.341
38630,7.6315,1,2024-04-19 00:11:35.341
38640,44.7875,1,2024-04-19 00:11:35.341
38540,316.7964,0,2024-04-19 00:11:40.453
38520,37.4712,0,2024-04-19 00:11:40.453
38510,40.4976,0,2024-04-19 00:11:40.453
38500,301.591,0,2024-04-19 00:11:40.453
38490,40.0296,0,2024-04-19 00:11:40.453
38600,5.7513,1,2024-04-19 00:11:40.453
38610,22.072,1,2024-04-19 00:11:40.453
38620,27.3967,1,2024-04-19 00:11:40.453
38630,7.6315,1,2024-04-19 00:11:40.453
38640,17.3074,1,2024-04-19 00:11:40.453
38550,100,0,2024-04-19 00:11:45.616
38540,406.3268,0,2024-04-19 00:11:45.616
38520,39.3432,0,2024-04-19 00:11:45.616
38510,190.4976,0,2024-04-19 00:11:45.616
38500,301.591,0,2024-04-19 00:11:45.616
38600,4.456,1,2024-04-19 00:11:45.616
38610,172.072,1,2024-04-19 00:11:45.616
38620,27.3967,1,2024-04-19 00:11:45.616
38630,157.6315,1,2024-04-19 00:11:45.616
38640,117.3074,1,2024-04-19 00:11:45.616
38540,316.7964,0,2024-04-19 00:11:50.742
38500,53.488,0,2024-04-19 00:11:50.742
38480,136.972,0,2024-04-19 00:11:50.742
38470,50,0,2024-04-19 00:11:50.742
38460,51.8874,0,2024-04-19 00:11:50.742
38610,22.072,1,2024-04-19 00:11:50.742
38620,27.3967,1,2024-04-19 00:11:50.742
38630,7.6315,1,2024-04-19 00:11:50.742
38640,44.7875,1,2024-04-19 00:11:50.742
38650,146.1758,1,2024-04-19 00:11:50.742
38540,416.7964,0,2024-04-19 00:11:55.976
38530,89.4992,0,2024-04-19 00:11:55.976
38520,150,0,2024-04-19 00:11:55.976
38510,285.8836,0,2024-04-19 00:11:55.976
38500,153.488,0,2024-04-19 00:11:55.976
38600,50,1,2024-04-19 00:11:55.976
38610,122.072,1,2024-04-19 00:11:55.976
38620,27.3967,1,2024-04-19 00:11:55.976
38630,159.818,1,2024-04-19 00:11:55.976
38640,117.3074,1,2024-04-19 00:11:55.976
38540,316.7964,0,2024-04-19 00:12:01.205
38500,53.488,0,2024-04-19 00:12:01.205
38490,129.6974,0,2024-04-19 00:12:01.205
38460,75.9403,0,2024-04-19 00:12:01.205
38450,600.5695,0,2024-04-19 00:12:01.205
38610,22.072,1,2024-04-19 00:12:01.205
38620,77.3967,1,2024-04-19 00:12:01.205
38630,109.818,1,2024-04-19 00:12:01.205
38640,56.9626,1,2024-04-19 00:12:01.205
38650,53.3631,1,2024-04-19 00:12:01.205
38540,283.0368,0,2024-04-19 00:12:06.375
38500,13.0528,0,2024-04-19 00:12:06.375
38470,36.4416,0,2024-04-19 00:12:06.375
38450,42.0343,0,2024-04-19 00:12:06.375
38430,150,0,2024-04-19 00:12:06.375
38570,50,1,2024-04-19 00:12:06.375
38580,100,1,2024-04-19 00:12:06.375
38600,150,1,2024-04-19 00:12:06.375
38610,188.4585,1,2024-04-19 00:12:06.375
38620,65.6167,1,2024-04-19 00:12:06.375
38500,13.0528,0,2024-04-19 00:12:11.533
38490,39.7488,0,2024-04-19 00:12:11.533
38480,39.4368,0,2024-04-19 00:12:11.533
38470,39.4056,0,2024-04-19 00:12:11.533
38450,42.0343,0,2024-04-19 00:12:11.533
38610,99.5521,1,2024-04-19 00:12:11.533
38620,27.3967,1,2024-04-19 00:12:11.533
38630,68.3101,1,2024-04-19 00:12:11.533
38640,307.5242,1,2024-04-19 00:12:11.533
38650,160.925,1,2024-04-19 00:12:11.533
38510,39.4056,0,2024-04-19 00:12:16.682
38500,13.0528,0,2024-04-19 00:12:16.682
38490,39.7488,0,2024-04-19 00:12:16.682
38480,189.4368,0,2024-04-19 00:12:16.682
38470,39.4056,0,2024-04-19 00:12:16.682
38610,22.072,1,2024-04-19 00:12:16.682
38620,27.3967,1,2024-04-19 00:12:16.682
38630,40.83,1,2024-04-19 00:12:16.682
38640,94.7875,1,2024-04-19 00:12:16.682
38650,249.8731,1,2024-04-19 00:12:16.682
38510,38.0328,0,2024-04-19 00:12:21.817
38500,50.5552,0,2024-04-19 00:12:21.817
38490,39.7488,0,2024-04-19 00:12:21.817
38480,189.4368,0,2024-04-19 00:12:21.817
38450,0.5695,0,2024-04-19 00:12:21.817
38610,22.072,1,2024-04-19 00:12:21.817
38620,27.3967,1,2024-04-19 00:12:21.817
38630,9.818,1,2024-04-19 00:12:21.817
38640,67.3074,1,2024-04-19 00:12:21.817
38650,223.5311,1,2024-04-19 00:12:21.817
38550,50,0,2024-04-19 00:12:26.915
38540,100,0,2024-04-19 00:12:26.915
38520,189.1248,0,2024-04-19 00:12:26.915
38510,138.0328,0,2024-04-19 00:12:26.915
38500,50.5552,0,2024-04-19 00:12:26.915
38610,72.072,1,2024-04-19 00:12:26.915
38620,127.3967,1,2024-04-19 00:12:26.915
38630,159.818,1,2024-04-19 00:12:26.915
38640,117.3074,1,2024-04-19 00:12:26.915
38650,84.3751,1,2024-04-19 00:12:26.915
38550,50,0,2024-04-19 00:12:32.026
38540,100,0,2024-04-19 00:12:32.026
38520,150,0,2024-04-19 00:12:32.026
38510,138.0328,0,2024-04-19 00:12:32.026
38500,50.5552,0,2024-04-19 00:12:32.026
38600,50,1,2024-04-19 00:12:32.026
38610,127.2655,1,2024-04-19 00:12:32.026
38620,27.3967,1,2024-04-19 00:12:32.026
38630,159.818,1,2024-04-19 00:12:32.026
38640,117.3074,1,2024-04-19 00:12:32.026
38550,50,0,2024-04-19 00:12:37.150
38540,39.5616,0,2024-04-19 00:12:37.150
38520,187.6896,0,2024-04-19 00:12:37.150
38510,138.0328,0,2024-04-19 00:12:37.150
38500,50.5552,0,2024-04-19 00:12:37.150
38610,27.2655,1,2024-04-19 00:12:37.150
38620,27.3967,1,2024-04-19 00:12:37.150
38630,259.818,1,2024-04-19 00:12:37.150
38640,117.3074,1,2024-04-19 00:12:37.150
38650,156.895,1,2024-04-19 00:12:37.150
38560,50,0,2024-04-19 00:12:42.265
38550,100,0,2024-04-19 00:12:42.265
38540,150,0,2024-04-19 00:12:42.265
38530,40.1232,0,2024-04-19 00:12:42.265
38520,37.6896,0,2024-04-19 00:12:42.265
38610,77.2655,1,2024-04-19 00:12:42.265
38620,127.3967,1,2024-04-19 00:12:42.265
38630,159.818,1,2024-04-19 00:12:42.265
38640,148.3194,1,2024-04-19 00:12:42.265
38650,125.883,1,2024-04-19 00:12:42.265
38530,190.2792,0,2024-04-19 00:12:47.390
38520,37.6896,0,2024-04-19 00:12:47.390
38510,443.3928,0,2024-04-19 00:12:47.390
38500,13.0528,0,2024-04-19 00:12:47.390
38490,100,0,2024-04-19 00:12:47.390
38610,27.2655,1,2024-04-19 00:12:47.390
38620,127.3967,1,2024-04-19 00:12:47.390
38630,9.818,1,2024-04-19 00:12:47.390
38640,17.3074,1,2024-04-19 00:12:47.390
38650,206.895,1,2024-04-19 00:12:47.390
38540,50,0,2024-04-19 00:12:52.534
38530,100,0,2024-04-19 00:12:52.534
38510,443.3928,0,2024-04-19 00:12:52.534
38500,261.1558,0,2024-04-19 00:12:52.534
38490,139.8424,0,2024-04-19 00:12:52.534
38600,150,1,2024-04-19 00:12:52.534
38610,27.2655,1,2024-04-19 00:12:52.534
38620,27.3967,1,2024-04-19 00:12:52.534
38630,259.818,1,2024-04-19 00:12:52.534
38640,44.7875,1,2024-04-19 00:12:52.534
38550,50,0,2024-04-19 00:12:57.643
38540,100,0,2024-04-19 00:12:57.643
38530,150,0,2024-04-19 00:12:57.643
38520,37.6584,0,2024-04-19 00:12:57.643
38510,138.0328,0,2024-04-19 00:12:57.643
38610,77.2655,1,2024-04-19 00:12:57.643
38620,127.3967,1,2024-04-19 00:12:57.643
38630,259.818,1,2024-04-19 00:12:57.643
38640,48.3194,1,2024-04-19 00:12:57.643
38650,125.883,1,2024-04-19 00:12:57.643
38510,100,0,2024-04-19 00:13:02.726
38500,63.0528,0,2024-04-19 00:13:02.726
38490,195.2824,0,2024-04-19 00:13:02.726
38480,139.5304,0,2024-04-19 00:13:02.726
38470,150,0,2024-04-19 00:13:02.726
38610,27.2655,1,2024-04-19 00:13:02.726
38620,27.3967,1,2024-04-19 00:13:02.726
38630,59.818,1,2024-04-19 00:13:02.726
38640,216.1723,1,2024-04-19 00:13:02.726
38650,64.1966,1,2024-04-19 00:13:02.726
38500,13.0528,0,2024-04-19 00:13:07.804
38480,30,0,2024-04-19 00:13:07.804
38470,77.9613,0,2024-04-19 00:13:07.804
38460,37.44,0,2024-04-19 00:13:07.804
38450,538.9791,0,2024-04-19 00:13:07.804
38590,50,1,2024-04-19 00:13:07.804
38600,27.4801,1,2024-04-19 00:13:07.804
38610,193.0592,1,2024-04-19 00:13:07.804
38620,123.984,1,2024-04-19 00:13:07.804
38630,297.6948,1,2024-04-19 00:13:07.804
38500,13.0528,0,2024-04-19 00:13:12.927
38450,0.5695,0,2024-04-19 00:13:12.927
38430,86.8784,0,2024-04-19 00:13:12.927
38420,240.248,0,2024-04-19 00:13:12.927
38410,100,0,2024-04-19 00:13:12.927
38560,27.4801,1,2024-04-19 00:13:12.927
38570,50,1,2024-04-19 00:13:12.927
38580,165.8249,1,2024-04-19 00:13:12.927
38590,38.0952,1,2024-04-19 00:13:12.927
38600,215.2321,1,2024-04-19 00:13:12.927
38500,13.0528,0,2024-04-19 00:13:18.060
38450,0.5695,0,2024-04-19 00:13:18.060
38440,38.9688,0,2024-04-19 00:13:18.060
38430,186.8784,0,2024-04-19 00:13:18.060
38420,140.248,0,2024-04-19 00:13:18.060
38560,127.4801,1,2024-04-19 00:13:18.060
38570,50,1,2024-04-19 00:13:18.060
38580,27.4801,1,2024-04-19 00:13:18.060
38590,39.8424,1,2024-04-19 00:13:18.060
38600,215.2321,1,2024-04-19 00:13:18.060
38500,13.0528,0,2024-04-19 00:13:23.269
38450,0.5695,0,2024-04-19 00:13:23.269
38440,38.9688,0,2024-04-19 00:13:23.269
38430,186.8784,0,2024-04-19 00:13:23.269
38420,140.248,0,2024-04-19 00:13:23.269
38550,50,1,2024-04-19 00:13:23.269
38560,127.4801,1,2024-04-19 00:13:23.269
38580,27.4801,1,2024-04-19 00:13:23.269
38590,139.8424,1,2024-04-19 00:13:23.269
38600,215.2321,1,2024-04-19 00:13:23.269
38500,13.0528,0,2024-04-19 00:13:28.412
38450,0.5695,0,2024-04-19 00:13:28.412
38440,68.1888,0,2024-04-19 00:13:28.412
38430,186.8784,0,2024-04-19 00:13:28.412
38420,140.248,0,2024-04-19 00:13:28.412
38550,50,1,2024-04-19 00:13:28.412
38560,127.4801,1,2024-04-19 00:13:28.412
38580,27.4801,1,2024-04-19 00:13:28.412
38590,100,1,2024-04-19 00:13:28.412
38600,215.2321,1,2024-04-19 00:13:28.412
38500,13.0528,0,2024-04-19 00:13:33.521
38450,0.5695,0,2024-04-19 00:13:33.521
38440,70.092,0,2024-04-19 00:13:33.521
38430,186.8784,0,2024-04-19 00:13:33.521
38420,140.248,0,2024-04-19 00:13:33.521
38550,50,1,2024-04-19 00:13:33.521
38560,127.4801,1,2024-04-19 00:13:33.521
38580,58.4921,1,2024-04-19 00:13:33.521
38590,139.0624,1,2024-04-19 00:13:33.521
38600,215.2321,1,2024-04-19 00:13:33.521
38500,13.0528,0,2024-04-19 00:13:38.631
38450,0.5695,0,2024-04-19 00:13:38.631
38440,30,0,2024-04-19 00:13:38.631
38430,36.8784,0,2024-04-19 00:13:38.631
38420,40.248,0,2024-04-19 00:13:38.631
38550,50,1,2024-04-19 00:13:38.631
38560,277.4801,1,2024-04-19 00:13:38.631
38580,58.4921,1,2024-04-19 00:13:38.631
38590,239.0624,1,2024-04-19 00:13:38.631
38600,65.2321,1,2024-04-19 00:13:38.631
38500,13.0528,0,2024-04-19 00:13:43.747
38460,50,0,2024-04-19 00:13:43.747
38450,0.5695,0,2024-04-19 00:13:43.747
38440,150,0,2024-04-19 00:13:43.747
38430,136.8784,0,2024-04-19 00:13:43.747
38520,50,1,2024-04-19 00:13:43.747
38530,100,1,2024-04-19 00:13:43.747
38550,150,1,2024-04-19 00:13:43.747
38560,100,1,2024-04-19 00:13:43.747
38570,27.4801,1,2024-04-19 00:13:43.747
38500,13.0528,0,2024-04-19 00:13:48.853
38460,50,0,2024-04-19 00:13:48.853
38450,100.5695,0,2024-04-19 00:13:48.853
38440,150,0,2024-04-19 00:13:48.853
38430,136.8784,0,2024-04-19 00:13:48.853
38510,9.2348,1,2024-04-19 00:13:48.853
38520,50,1,2024-04-19 00:13:48.853
38530,100,1,2024-04-19 00:13:48.853
38550,150,1,2024-04-19 00:13:48.853
38560,100,1,2024-04-19 00:13:48.853
38450,0.5695,0,2024-04-19 00:13:54.005
38420,50,0,2024-04-19 00:13:54.005
38410,100,0,2024-04-19 00:13:54.005
38400,402.3216,0,2024-04-19 00:13:54.005
38390,388.1884,0,2024-04-19 00:13:54.005
38510,59.2348,1,2024-04-19 00:13:54.005
38520,127.4801,1,2024-04-19 00:13:54.005
38540,100,1,2024-04-19 00:13:54.005
38550,67.3537,1,2024-04-19 00:13:54.005
38560,38.1576,1,2024-04-19 00:13:54.005
38450,311.9652,0,2024-04-19 00:13:59.232
38430,50,0,2024-04-19 00:13:59.232
38410,37.752,0,2024-04-19 00:13:59.232
38400,402.3216,0,2024-04-19 00:13:59.232
38390,139.3744,0,2024-04-19 00:13:59.232
38510,9.2348,1,2024-04-19 00:13:59.232
38520,100,1,2024-04-19 00:13:59.232
38540,127.4801,1,2024-04-19 00:13:59.232
38550,27.4801,1,2024-04-19 00:13:59.232
38570,65.0761,1,2024-04-19 00:13:59.232
38500,51.948,0,2024-04-19 00:14:04.414
38460,1.5392,0,2024-04-19 00:14:04.414
38450,156.4042,0,2024-04-19 00:14:04.414
38440,150,0,2024-04-19 00:14:04.414
38430,288.6256,0,2024-04-19 00:14:04.414
38510,9.2348,1,2024-04-19 00:14:04.414
38540,100,1,2024-04-19 00:14:04.414
38550,227.4801,1,2024-04-19 00:14:04.414
38570,127.4801,1,2024-04-19 00:14:04.414
38580,139.9048,1,2024-04-19 00:14:04.414
38500,51.948,0,2024-04-19 00:14:09.522
38460,1.5392,0,2024-04-19 00:14:09.522
38450,156.4042,0,2024-04-19 00:14:09.522
38430,38.6256,0,2024-04-19 00:14:09.522
38420,38.5632,0,2024-04-19 00:14:09.522
38510,9.2348,1,2024-04-19 00:14:09.522
38550,50,1,2024-04-19 00:14:09.522
38560,100,1,2024-04-19 00:14:09.522
38570,27.4801,1,2024-04-19 00:14:09.522
38580,215.9809,1,2024-04-19 00:14:09.522
38500,51.948,0,2024-04-19 00:14:14.620
38460,157.3739,0,2024-04-19 00:14:14.620
38450,156.4042,0,2024-04-19 00:14:14.620
38430,100,0,2024-04-19 00:14:14.620
38420,50,0,2024-04-19 00:14:14.620
38510,9.2348,1,2024-04-19 00:14:14.620
38550,50,1,2024-04-19 00:14:14.620
38560,100,1,2024-04-19 00:14:14.620
38570,27.4801,1,2024-04-19 00:14:14.620
38580,277.4801,1,2024-04-19 00:14:14.620
38500,51.948,0,2024-04-19 00:14:19.895
38460,157.3739,0,2024-04-19 00:14:19.895
38450,156.4042,0,2024-04-19 00:14:19.895
38410,250,0,2024-04-19 00:14:19.895
38400,113.1968,0,2024-04-19 00:14:19.895
38510,0,1,2024-04-19 00:14:19.895
38560,100,1,2024-04-19 00:14:19.895
38570,27.4801,1,2024-04-19 00:14:19.895
38580,227.4801,1,2024-04-19 00:14:19.895
38600,58.7957,1,2024-04-19 00:14:19.895
38500,51.948,0,2024-04-19 00:14:25.280
38460,157.3739,0,2024-04-19 00:14:25.280
38450,156.4042,0,2024-04-19 00:14:25.280
38410,250,0,2024-04-19 00:14:25.280
38400,113.1968,0,2024-04-19 00:14:25.280
38510,0,1,2024-04-19 00:14:25.280
38550,77.4801,1,2024-04-19 00:14:25.280
38560,127.4801,1,2024-04-19 00:14:25.280
38570,27.4801,1,2024-04-19 00:14:25.280
38580,277.4801,1,2024-04-19 00:14:25.280
38500,78.0587,0,2024-04-19 00:14:30.470
38460,157.3739,0,2024-04-19 00:14:30.470
38450,206.4042,0,2024-04-19 00:14:30.470
38440,100,0,2024-04-19 00:14:30.470
38420,150,0,2024-04-19 00:14:30.470
38510,2.2883,1,2024-04-19 00:14:30.470
38540,150,1,2024-04-19 00:14:30.470
38550,177.4801,1,2024-04-19 00:14:30.470
38560,27.4801,1,2024-04-19 00:14:30.470
38570,127.4801,1,2024-04-19 00:14:30.470
38500,78.0587,0,2024-04-19 00:14:35.572
38460,157.3739,0,2024-04-19 00:14:35.572
38450,156.4042,0,2024-04-19 00:14:35.572
38410,100,0,2024-04-19 00:14:35.572
38400,163.1968,0,2024-04-19 00:14:35.572
38510,2.2883,1,2024-04-19 00:14:35.572
38540,150,1,2024-04-19 00:14:35.572
38550,177.4801,1,2024-04-19 00:14:35.572
38560,27.4801,1,2024-04-19 00:14:35.572
38570,127.4801,1,2024-04-19 00:14:35.572
38500,0,0,2024-04-19 00:14:40.669
38460,157.3739,0,2024-04-19 00:14:40.669
38450,156.4042,0,2024-04-19 00:14:40.669
38400,113.1968,0,2024-04-19 00:14:40.669
38390,100,0,2024-04-19 00:14:40.669
38510,2.2883,1,2024-04-19 00:14:40.669
38540,150,1,2024-04-19 00:14:40.669
38550,177.4801,1,2024-04-19 00:14:40.669
38560,27.4801,1,2024-04-19 00:14:40.669
38570,127.4801,1,2024-04-19 00:14:40.669
38500,0,0,2024-04-19 00:14:45.754
38460,157.3739,0,2024-04-19 00:14:45.754
38450,156.4042,0,2024-04-19 00:14:45.754
38400,113.1968,0,2024-04-19 00:14:45.754
38370,506.3526,0,2024-04-19 00:14:45.754
38510,129.7684,1,2024-04-19 00:14:45.754
38520,77.4801,1,2024-04-19 00:14:45.754
38550,277.4801,1,2024-04-19 00:14:45.754
38570,31.012,1,2024-04-19 00:14:45.754
38580,100,1,2024-04-19 00:14:45.754
38470,115.4092,0,2024-04-19 00:14:50.859
38460,157.3739,0,2024-04-19 00:14:50.859
38450,312.0462,0,2024-04-19 00:14:50.859
38410,50,0,2024-04-19 00:14:50.859
38400,213.1968,0,2024-04-19 00:14:50.859
38480,149.9999,1,2024-04-19 00:14:50.859
38500,150,1,2024-04-19 00:14:50.859
38510,129.7684,1,2024-04-19 00:14:50.859
38520,27.4801,1,2024-04-19 00:14:50.859
38530,127.4801,1,2024-04-19 00:14:50.859
38470,115.4092,0,2024-04-19 00:14:55.961
38460,157.3739,0,2024-04-19 00:14:55.961
38450,156.4042,0,2024-04-19 00:14:55.961
38400,263.1968,0,2024-04-19 00:14:55.961
38380,150,0,2024-04-19 00:14:55.961
38480,50,1,2024-04-19 00:14:55.961
38500,250,1,2024-04-19 00:14:55.961
38510,129.7684,1,2024-04-19 00:14:55.961
38520,27.4801,1,2024-04-19 00:14:55.961
38530,127.4801,1,2024-04-19 00:14:55.961
38470,115.4092,0,2024-04-19 00:15:01.060
38460,157.3739,0,2024-04-19 00:15:01.060
38450,156.4042,0,2024-04-19 00:15:01.060
38420,150,0,2024-04-19 00:15:01.060
38400,263.1968,0,2024-04-19 00:15:01.060
38480,100,1,2024-04-19 00:15:01.060
38490,50,1,2024-04-19 00:15:01.060
38500,150,1,2024-04-19 00:15:01.060
38510,102.2883,1,2024-04-19 00:15:01.060
38520,27.4801,1,2024-04-19 00:15:01.060
38470,115.4092,0,2024-04-19 00:15:06.146
38460,157.3739,0,2024-04-19 00:15:06.146
38450,156.4042,0,2024-04-19 00:15:06.146
38420,50,0,2024-04-19 00:15:06.146
38400,313.1968,0,2024-04-19 00:15:06.146
38510,2.2883,1,2024-04-19 00:15:06.146
38530,77.4801,1,2024-04-19 00:15:06.146
38550,127.4801,1,2024-04-19 00:15:06.146
38560,127.4801,1,2024-04-19 00:15:06.146
38570,181.012,1,2024-04-19 00:15:06.146
38470,115.4092,0,2024-04-19 00:15:11.247
38460,157.3739,0,2024-04-19 00:15:11.247
38450,206.4042,0,2024-04-19 00:15:11.247
38420,150,0,2024-04-19 00:15:11.247
38400,313.1968,0,2024-04-19 00:15:11.247
38510,2.2883,1,2024-04-19 00:15:11.247
38550,27.4801,1,2024-04-19 00:15:11.247
38560,127.4801,1,2024-04-19 00:15:11.247
38570,27.4801,1,2024-04-19 00:15:11.247
38580,31.012,1,2024-04-19 00:15:11.247
38470,115.4092,0,2024-04-19 00:15:16.445
38460,157.3739,0,2024-04-19 00:15:16.445
38450,156.4042,0,2024-04-19 00:15:16.445
38420,250,0,2024-04-19 00:15:16.445
38410,248.684,0,2024-04-19 00:15:16.445
38510,2.2883,1,2024-04-19 00:15:16.445
38520,100,1,2024-04-19 00:15:16.445
38530,200,1,2024-04-19 00:15:16.445
38550,27.4801,1,2024-04-19 00:15:16.445
38560,127.4801,1,2024-04-19 00:15:16.445
38470,115.4092,0,2024-04-19 00:15:21.573
38460,157.3739,0,2024-04-19 00:15:21.573
38450,156.4042,0,2024-04-19 00:15:21.573
38410,248.684,0,2024-04-19 00:15:21.573
38400,263.1968,0,2024-04-19 00:15:21.573
38510,2.2883,1,2024-04-19 00:15:21.573
38520,100,1,2024-04-19 00:15:21.573
38530,50,1,2024-04-19 00:15:21.573
38540,27.4801,1,2024-04-19 00:15:21.573
38550,27.4801,1,2024-04-19 00:15:21.573
38470,115.4092,0,2024-04-19 00:15:26.759
38460,157.3739,0,2024-04-19 00:15:26.759
38450,156.4042,0,2024-04-19 00:15:26.759
38400,163.1968,0,2024-04-19 00:15:26.759
38390,100,0,2024-04-19 00:15:26.759
38500,100,1,2024-04-19 00:15:26.759
38510,79.7684,1,2024-04-19 00:15:26.759
38530,150,1,2024-04-19 00:15:26.759
38540,127.4801,1,2024-04-19 00:15:26.759
38550,27.4801,1,2024-04-19 00:15:26.759
38460,157.3739,0,2024-04-19 00:15:31.885
38450,156.4042,0,2024-04-19 00:15:31.885
38400,113.1968,0,2024-04-19 00:15:31.885
38370,656.6132,0,2024-04-19 00:15:31.885
38360,100,0,2024-04-19 00:15:31.885
38470,1.1623,1,2024-04-19 00:15:31.885
38510,179.7684,1,2024-04-19 00:15:31.885
38520,27.4801,1,2024-04-19 00:15:31.885
38530,100,1,2024-04-19 00:15:31.885
38560,100,1,2024-04-19 00:15:31.885
38460,121.1454,0,2024-04-19 00:15:36.982
38450,156.4042,0,2024-04-19 00:15:36.982
38430,50,0,2024-04-19 00:15:36.982
38420,100,0,2024-04-19 00:15:36.982
38400,361.9458,0,2024-04-19 00:15:36.982
38510,29.7684,1,2024-04-19 00:15:36.982
38520,27.4801,1,2024-04-19 00:15:36.982
38530,127.4801,1,2024-04-19 00:15:36.982
38540,50,1,2024-04-19 00:15:36.982
38550,150,1,2024-04-19 00:15:36.982
38460,121.1454,0,2024-04-19 00:15:42.076
38450,156.4042,0,2024-04-19 00:15:42.076
38420,50,0,2024-04-19 00:15:42.076
38410,100,0,2024-04-19 00:15:42.076
38400,361.9458,0,2024-04-19 00:15:42.076
38510,179.7684,1,2024-04-19 00:15:42.076
38520,27.4801,1,2024-04-19 00:15:42.076
38530,27.4801,1,2024-04-19 00:15:42.076
38550,250,1,2024-04-19 00:15:42.076
38570,100,1,2024-04-19 00:15:42.076
38460,121.1454,0,2024-04-19 00:15:47.176
38450,156.4042,0,2024-04-19 00:15:47.176
38420,50,0,2024-04-19 00:15:47.176
38410,181.993,0,2024-04-19 00:15:47.176
38400,231.2348,0,2024-04-19 00:15:47.176
38510,152.2883,1,2024-04-19 00:15:47.176
38530,27.4801,1,2024-04-19 00:15:47.176
38550,277.4801,1,2024-04-19 00:15:47.176
38570,100,1,2024-04-19 00:15:47.176
38580,31.012,1,2024-04-19 00:15:47.176
38460,121.1454,0,2024-04-19 00:15:52.266
38450,156.4042,0,2024-04-19 00:15:52.266
38430,188.4933,0,2024-04-19 00:15:52.266
38400,113.1968,0,2024-04-19 00:15:52.266
38390,250,0,2024-04-19 00:15:52.266
38510,1.5093,1,2024-04-19 00:15:52.266
38550,50,1,2024-04-19 00:15:52.266
38560,127.4801,1,2024-04-19 00:15:52.266
38570,100,1,2024-04-19 00:15:52.266
38580,177.4801,1,2024-04-19 00:15:52.266
38460,121.1454,0,2024-04-19 00:15:57.353
38450,156.4042,0,2024-04-19 00:15:57.353
38430,150,0,2024-04-19 00:15:57.353
38420,248.619,0,2024-04-19 00:15:57.353
38400,113.1968,0,2024-04-19 00:15:57.353
38510,1.5093,1,2024-04-19 00:15:57.353
38550,50,1,2024-04-19 00:15:57.353
38560,127.4801,1,2024-04-19 00:15:57.353
38570,100,1,2024-04-19 00:15:57.353
38580,208.4921,1,2024-04-19 00:15:57.353
38460,121.1454,0,2024-04-19 00:16:02.439
38450,156.4042,0,2024-04-19 00:16:02.439
38400,163.1968,0,2024-04-19 00:16:02.439
38390,250,0,2024-04-19 00:16:02.439
38380,26.001,0,2024-04-19 00:16:02.439
38540,27.4801,1,2024-04-19 00:16:02.439
38550,52.9178,1,2024-04-19 00:16:02.439
38560,127.4801,1,2024-04-19 00:16:02.439
38580,208.4921,1,2024-04-19 00:16:02.439
38600,158.7957,1,2024-04-19 00:16:02.439
38460,121.1454,0,2024-04-19 00:16:07.516
38450,156.4042,0,2024-04-19 00:16:07.516
38440,155.602,0,2024-04-19 00:16:07.516
38420,50,0,2024-04-19 00:16:07.516
38410,100,0,2024-04-19 00:16:07.516
38500,100,1,2024-04-19 00:16:07.516
38510,50,1,2024-04-19 00:16:07.516
38530,177.4801,1,2024-04-19 00:16:07.516
38540,127.4801,1,2024-04-19 00:16:07.516
38550,27.4801,1,2024-04-19 00:16:07.516
38460,121.1454,0,2024-04-19 00:16:15.603
38450,156.4042,0,2024-04-19 00:16:15.603
38430,39.1872,0,2024-04-19 00:16:15.603
38420,50,0,2024-04-19 00:16:15.603
38410,139,0,2024-04-19 00:16:15.603
38510,200,1,2024-04-19 00:16:15.603
38520,40.4664,1,2024-04-19 00:16:15.603
38530,66.4801,1,2024-04-19 00:16:15.603
38540,27.4801,1,2024-04-19 00:16:15.603
38550,27.4801,1,2024-04-19 00:16:15.603
38460,121.1454,0,2024-04-19 00:16:20.793
38450,312.0462,0,2024-04-19 00:16:20.793
38410,131.852,0,2024-04-19 00:16:20.793
38400,201.5104,0,2024-04-19 00:16:20.793
38390,250,0,2024-04-19 00:16:20.793
38510,90.3104,1,2024-04-19 00:16:20.793
38520,167.9465,1,2024-04-19 00:16:20.793
38530,66.4801,1,2024-04-19 00:16:20.793
38540,277.4801,1,2024-04-19 00:16:20.793
38550,30.4966,1,2024-04-19 00:16:20.793
38460,121.1454,0,2024-04-19 00:16:25.914
38450,312.0462,0,2024-04-19 00:16:25.914
38420,50,0,2024-04-19 00:16:25.914
38410,139,0,2024-04-19 00:16:25.914
38400,309.0554,0,2024-04-19 00:16:25.914
38480,150,1,2024-04-19 00:16:25.914
38510,290.3104,1,2024-04-19 00:16:25.914
38520,67.9465,1,2024-04-19 00:16:25.914
38530,66.4801,1,2024-04-19 00:16:25.914
38540,27.4801,1,2024-04-19 00:16:25.914
38460,121.1454,0,2024-04-19 00:16:31.056
38450,312.0462,0,2024-04-19 00:16:31.056
38430,90.1544,0,2024-04-19 00:16:31.056
38420,100,0,2024-04-19 00:16:31.056
38410,39,0,2024-04-19 00:16:31.056
38490,50,1,2024-04-19 00:16:31.056
38500,100,1,2024-04-19 00:16:31.056
38510,250,1,2024-04-19 00:16:31.056
38520,67.9465,1,2024-04-19 00:16:31.056
38530,66.4801,1,2024-04-19 00:16:31.056
38460,121.1454,0,2024-04-19 00:16:36.193
38450,312.0462,0,2024-04-19 00:16:36.193
38430,40.1544,0,2024-04-19 00:16:36.193
38420,100,0,2024-04-19 00:16:36.193
38410,39,0,2024-04-19 00:16:36.193
38490,38.6319,1,2024-04-19 00:16:36.193
38500,100,1,2024-04-19 00:16:36.193
38510,250,1,2024-04-19 00:16:36.193
38520,67.9465,1,2024-04-19 00:16:36.193
38530,66.4801,1,2024-04-19 00:16:36.193
38460,7.0937,0,2024-04-19 00:16:41.557
38450,312.0462,0,2024-04-19 00:16:41.557
38410,89,0,2024-04-19 00:16:41.557
38400,151.5104,0,2024-04-19 00:16:41.557
38390,100,0,2024-04-19 00:16:41.557
38470,150,1,2024-04-19 00:16:41.557
38490,150,1,2024-04-19 00:16:41.557
38500,38.064,1,2024-04-19 00:16:41.557
38510,138.0328,1,2024-04-19 00:16:41.557
38520,67.9465,1,2024-04-19 00:16:41.557
38460,162.7357,0,2024-04-19 00:16:46.782
38450,156.4042,0,2024-04-19 00:16:46.782
38410,89,0,2024-04-19 00:16:46.782
38400,151.5104,0,2024-04-19 00:16:46.782
38390,100,0,2024-04-19 00:16:46.782
38470,150,1,2024-04-19 00:16:46.782
38490,150,1,2024-04-19 00:16:46.782
38500,38.064,1,2024-04-19 00:16:46.782
38510,138.0328,1,2024-04-19 00:16:46.782
38520,67.9465,1,2024-04-19 00:16:46.782
38460,162.7357,0,2024-04-19 00:16:51.869
38450,194.905,0,2024-04-19 00:16:51.869
38440,37.6584,0,2024-04-19 00:16:51.869
38430,50,0,2024-04-19 00:16:51.869
38420,100,0,2024-04-19 00:16:51.869
38540,77.4801,1,2024-04-19 00:16:51.869
38550,68.9662,1,2024-04-19 00:16:51.869
38560,166.5113,1,2024-04-19 00:16:51.869
38570,100,1,2024-04-19 00:16:51.869
38600,58.7957,1,2024-04-19 00:16:51.869
38460,162.7357,0,2024-04-19 00:16:56.978
38450,194.905,0,2024-04-19 00:16:56.978
38440,37.6584,0,2024-04-19 00:16:56.978
38430,50,0,2024-04-19 00:16:56.978
38420,100,0,2024-04-19 00:16:56.978
38520,150,1,2024-04-19 00:16:56.978
38540,150,1,2024-04-19 00:16:56.978
38550,68.9662,1,2024-04-19 00:16:56.978
38560,166.5113,1,2024-04-19 00:16:56.978
38570,100,1,2024-04-19 00:16:56.978
38470,39.1248,0,2024-04-19 00:17:02.304
38460,200.4565,0,2024-04-19 00:17:02.304
38450,194.905,0,2024-04-19 00:17:02.304
38440,37.6584,0,2024-04-19 00:17:02.304
38430,50,0,2024-04-19 00:17:02.304
38550,153.0165,1,2024-04-19 00:17:02.304
38570,187.5336,1,2024-04-19 00:17:02.304
38580,166.5113,1,2024-04-19 00:17:02.304
38590,97.8665,1,2024-04-19 00:17:02.304
38600,158.7957,1,2024-04-19 00:17:02.304
38470,39.1248,0,2024-04-19 00:17:07.407
38460,44.8145,0,2024-04-19 00:17:07.407
38450,194.905,0,2024-04-19 00:17:07.407
38440,37.6584,0,2024-04-19 00:17:07.407
38430,50,0,2024-04-19 00:17:07.407
38550,3.0165,1,2024-04-19 00:17:07.407
38570,39.624,1,2024-04-19 00:17:07.407
38580,216.5113,1,2024-04-19 00:17:07.407
38590,66.8545,1,2024-04-19 00:17:07.407
38600,186.2758,1,2024-04-19 00:17:07.407
38470,155.561,0,2024-04-19 00:17:12.515
38460,7.0937,0,2024-04-19 00:17:12.515
38450,194.905,0,2024-04-19 00:17:12.515
38440,37.6584,0,2024-04-19 00:17:12.515
38430,50,0,2024-04-19 00:17:12.515
38550,69.2782,1,2024-04-19 00:17:12.515
38560,150,1,2024-04-19 00:17:12.515
38570,39.624,1,2024-04-19 00:17:12.515
38580,216.5113,1,2024-04-19 00:17:12.515
38590,66.8545,1,2024-04-19 00:17:12.515
38470,193.0946,0,2024-04-19 00:17:17.632
38460,7.0937,0,2024-04-19 00:17:17.632
38450,194.905,0,2024-04-19 00:17:17.632
38440,37.6584,0,2024-04-19 00:17:17.632
38420,600,0,2024-04-19 00:17:17.632
38550,3.0165,1,2024-04-19 00:17:17.632
38560,77.4801,1,2024-04-19 00:17:17.632
38570,139.624,1,2024-04-19 00:17:17.632
38580,216.5113,1,2024-04-19 00:17:17.632
38590,66.8545,1,2024-04-19 00:17:17.632
38480,30,0,2024-04-19 00:17:22.751
38460,7.0937,0,2024-04-19 00:17:22.751
38450,194.905,0,2024-04-19 00:17:22.751
38440,37.6584,0,2024-04-19 00:17:22.751
38430,50,0,2024-04-19 00:17:22.751
38540,150,1,2024-04-19 00:17:22.751
38550,153.0165,1,2024-04-19 00:17:22.751
38560,67.0105,1,2024-04-19 00:17:22.751
38570,39.624,1,2024-04-19 00:17:22.751
38580,166.5113,1,2024-04-19 00:17:22.751
38480,30,0,2024-04-19 00:17:27.918
38460,7.0937,0,2024-04-19 00:17:27.918
38450,156.4042,0,2024-04-19 00:17:27.918
38440,37.6584,0,2024-04-19 00:17:27.918
38420,591.808,0,2024-04-19 00:17:27.918
38500,50,1,2024-04-19 00:17:27.918
38540,164.9201,1,2024-04-19 00:17:27.918
38550,3.0165,1,2024-04-19 00:17:27.918
38560,67.0105,1,2024-04-19 00:17:27.918
38570,139.624,1,2024-04-19 00:17:27.918
38480,185.481,0,2024-04-19 00:17:33.048
38460,7.0937,0,2024-04-19 00:17:33.048
38450,156.4042,0,2024-04-19 00:17:33.048
38440,87.6584,0,2024-04-19 00:17:33.048
38430,100,0,2024-04-19 00:17:33.048
38500,150,1,2024-04-19 00:17:33.048
38530,150,1,2024-04-19 00:17:33.048
38540,164.9201,1,2024-04-19 00:17:33.048
38550,3.0165,1,2024-04-19 00:17:33.048
38560,67.0105,1,2024-04-19 00:17:33.048
38480,185.481,0,2024-04-19 00:17:38.179
38460,7.0937,0,2024-04-19 00:17:38.179
38450,156.4042,0,2024-04-19 00:17:38.179
38440,87.6584,0,2024-04-19 00:17:38.179
38430,100,0,2024-04-19 00:17:38.179
38500,100,1,2024-04-19 00:17:38.179
38510,50,1,2024-04-19 00:17:38.179
38530,150,1,2024-04-19 00:17:38.179
38540,164.9201,1,2024-04-19 00:17:38.179
38550,3.0165,1,2024-04-19 00:17:38.179
38480,185.481,0,2024-04-19 00:17:43.290
38460,7.0937,0,2024-04-19 00:17:43.290
38450,156.4042,0,2024-04-19 00:17:43.290
38440,87.6584,0,2024-04-19 00:17:43.290
38420,541.808,0,2024-04-19 00:17:43.290
38500,100,1,2024-04-19 00:17:43.290
38510,50,1,2024-04-19 00:17:43.290
38530,150,1,2024-04-19 00:17:43.290
38540,164.9201,1,2024-04-19 00:17:43.290
38550,3.0165,1,2024-04-19 00:17:43.290
38480,30,0,2024-04-19 00:17:48.473
38460,162.5337,0,2024-04-19 00:17:48.473
38450,156.4042,0,2024-04-19 00:17:48.473
38440,37.6584,0,2024-04-19 00:17:48.473
38430,50,0,2024-04-19 00:17:48.473
38490,100,1,2024-04-19 00:17:48.473
38500,50,1,2024-04-19 00:17:48.473
38530,150,1,2024-04-19 00:17:48.473
38540,164.9201,1,2024-04-19 00:17:48.473
38550,3.0165,1,2024-04-19 00:17:48.473
38480,30,0,2024-04-19 00:17:53.640
38470,38.3136,0,2024-04-19 00:17:53.640
38460,162.5337,0,2024-04-19 00:17:53.640
38450,194.0938,0,2024-04-19 00:17:53.640
38440,87.6584,0,2024-04-19 00:17:53.640
38550,103.0165,1,2024-04-19 00:17:53.640
38560,27.4801,1,2024-04-19 00:17:53.640
38570,39.624,1,2024-04-19 00:17:53.640
38580,216.5113,1,2024-04-19 00:17:53.640
38590,127.4801,1,2024-04-19 00:17:53.640
38490,155.44,0,2024-04-19 00:17:58.742
38470,38.3136,0,2024-04-19 00:17:58.742
38460,7.0937,0,2024-04-19 00:17:58.742
38450,194.0938,0,2024-04-19 00:17:58.742
38440,87.6584,0,2024-04-19 00:17:58.742
38550,103.0165,1,2024-04-19 00:17:58.742
38560,77.4801,1,2024-04-19 00:17:58.742
38570,39.624,1,2024-04-19 00:17:58.742
38580,216.5113,1,2024-04-19 00:17:58.742
38590,127.4801,1,2024-04-19 00:17:58.742
38480,30,0,2024-04-19 00:18:03.889
38460,162.5337,0,2024-04-19 00:18:03.889
38450,156.4042,0,2024-04-19 00:18:03.889
38440,87.6584,0,2024-04-19 00:18:03.889
38430,100,0,2024-04-19 00:18:03.889
38500,100,1,2024-04-19 00:18:03.889
38510,50,1,2024-04-19 00:18:03.889
38530,150,1,2024-04-19 00:18:03.889
38550,42.2973,1,2024-04-19 00:18:03.889
38560,266.2305,1,2024-04-19 00:18:03.889
38500,45.71,0,2024-04-19 00:18:08.983
38460,162.5337,0,2024-04-19 00:18:08.983
38450,243.9066,0,2024-04-19 00:18:08.983
38440,37.6584,0,2024-04-19 00:18:08.983
38430,125.9875,0,2024-04-19 00:18:08.983
38540,100,1,2024-04-19 00:18:08.983
38550,92.2973,1,2024-04-19 00:18:08.983
38560,316.2305,1,2024-04-19 00:18:08.983
38570,39.624,1,2024-04-19 00:18:08.983
38580,66.5113,1,2024-04-19 00:18:08.983
38500,45.71,0,2024-04-19 00:18:14.127
38470,39.4368,0,2024-04-19 00:18:14.127
38460,7.0937,0,2024-04-19 00:18:14.127
38450,343.9066,0,2024-04-19 00:18:14.127
38440,286.1484,0,2024-04-19 00:18:14.127
38540,100,1,2024-04-19 00:18:14.127
38550,53.0165,1,2024-04-19 00:18:14.127
38560,177.4801,1,2024-04-19 00:18:14.127
38570,39.624,1,2024-04-19 00:18:14.127
38580,166.5113,1,2024-04-19 00:18:14.127
38500,45.71,0,2024-04-19 00:18:19.227
38460,7.0937,0,2024-04-19 00:18:19.227
38450,343.9066,0,2024-04-19 00:18:19.227
38440,286.1484,0,2024-04-19 00:18:19.227
38430,175.9875,0,2024-04-19 00:18:19.227
38540,100,1,2024-04-19 00:18:19.227
38550,3.0165,1,2024-04-19 00:18:19.227
38560,177.4801,1,2024-04-19 00:18:19.227
38570,39.624,1,2024-04-19 00:18:19.227
38580,166.5113,1,2024-04-19 00:18:19.227
38500,45.71,0,2024-04-19 00:18:24.380
38460,7.0937,0,2024-04-19 00:18:24.380
38450,193.9066,0,2024-04-19 00:18:24.380
38440,37.6584,0,2024-04-19 00:18:24.380
38430,325.9875,0,2024-04-19 00:18:24.380
38520,100,1,2024-04-19 00:18:24.380
38530,50,1,2024-04-19 00:18:24.380
38550,3.0165,1,2024-04-19 00:18:24.380
38560,177.4801,1,2024-04-19 00:18:24.380
38570,39.624,1,2024-04-19 00:18:24.380
38470,30,0,2024-04-19 00:18:29.488
38460,7.0937,0,2024-04-19 00:18:29.488
38450,343.9066,0,2024-04-19 00:18:29.488
38440,37.6584,0,2024-04-19 00:18:29.488
38430,424.5425,0,2024-04-19 00:18:29.488
38500,3.3944,1,2024-04-19 00:18:29.488
38510,50,1,2024-04-19 00:18:29.488
38520,100,1,2024-04-19 00:18:29.488
38540,150,1,2024-04-19 00:18:29.488
38550,103.0165,1,2024-04-19 00:18:29.488
38470,30,0,2024-04-19 00:18:34.592
38460,9.6939,0,2024-04-19 00:18:34.592
38450,311.9652,0,2024-04-19 00:18:34.592
38420,541.808,0,2024-04-19 00:18:34.592
38410,37.4088,0,2024-04-19 00:18:34.592
38490,150,1,2024-04-19 00:18:34.592
38500,3.3944,1,2024-04-19 00:18:34.592
38510,150,1,2024-04-19 00:18:34.592
38530,100,1,2024-04-19 00:18:34.592
38540,67.6969,1,2024-04-19 00:18:34.592
38470,30,0,2024-04-19 00:18:39.710
38460,9.6939,0,2024-04-19 00:18:39.710
38450,156.4042,0,2024-04-19 00:18:39.710
38420,500,0,2024-04-19 00:18:39.710
38410,37.7208,0,2024-04-19 00:18:39.710
38480,100,1,2024-04-19 00:18:39.710
38500,53.3944,1,2024-04-19 00:18:39.710
38510,250,1,2024-04-19 00:18:39.710
38520,67.1977,1,2024-04-19 00:18:39.710
38530,100,1,2024-04-19 00:18:39.710
38470,17.625,0,2024-04-19 00:18:44.822
38460,9.6939,0,2024-04-19 00:18:44.822
38450,156.4042,0,2024-04-19 00:18:44.822
38420,500,0,2024-04-19 00:18:44.822
38400,153.1016,0,2024-04-19 00:18:44.822
38480,150,1,2024-04-19 00:18:44.822
38490,150,1,2024-04-19 00:18:44.822
38500,30.8745,1,2024-04-19 00:18:44.822
38510,140.2792,1,2024-04-19 00:18:44.822
38520,67.1977,1,2024-04-19 00:18:44.822
38470,30,0,2024-04-19 00:18:49.947
38460,9.6939,0,2024-04-19 00:18:49.947
38450,156.4042,0,2024-04-19 00:18:49.947
38440,155.602,0,2024-04-19 00:18:49.947
38420,500,0,2024-04-19 00:18:49.947
38480,150,1,2024-04-19 00:18:49.947
38490,216.1681,1,2024-04-19 00:18:49.947
38500,30.8745,1,2024-04-19 00:18:49.947
38510,140.2792,1,2024-04-19 00:18:49.947
38520,67.1977,1,2024-04-19 00:18:49.947
38470,30,0,2024-04-19 00:18:55.142
38460,9.6939,0,2024-04-19 00:18:55.142
38450,156.4042,0,2024-04-19 00:18:55.142
38440,155.602,0,2024-04-19 00:18:55.142
38420,500,0,2024-04-19 00:18:55.142
38480,150,1,2024-04-19 00:18:55.142
38490,216.1681,1,2024-04-19 00:18:55.142
38500,30.8745,1,2024-04-19 00:18:55.142
38510,140.2792,1,2024-04-19 00:18:55.142
38520,67.1977,1,2024-04-19 00:18:55.142
38470,30,0,2024-04-19 00:19:00.344
38460,9.6939,0,2024-04-19 00:19:00.344
38450,156.4042,0,2024-04-19 00:19:00.344
38440,155.602,0,2024-04-19 00:19:00.344
38420,500,0,2024-04-19 00:19:00.344
38480,150,1,2024-04-19 00:19:00.344
38490,150,1,2024-04-19 00:19:00.344
38500,30.8745,1,2024-04-19 00:19:00.344
38510,140.2792,1,2024-04-19 00:19:00.344
38520,67.1977,1,2024-04-19 00:19:00.344
38450,134.4835,0,2024-04-19 00:19:05.456
38400,113.1968,0,2024-04-19 00:19:05.456
38380,39,0,2024-04-19 00:19:05.456
38370,545.3012,0,2024-04-19 00:19:05.456
38360,50,0,2024-04-19 00:19:05.456
38460,149.9999,1,2024-04-19 00:19:05.456
38470,150,1,2024-04-19 00:19:05.456
38490,167.0105,1,2024-04-19 00:19:05.456
38500,30.8745,1,2024-04-19 00:19:05.456
38510,40.2792,1,2024-04-19 00:19:05.456
38450,134.4835,0,2024-04-19 00:19:10.552
38400,113.1968,0,2024-04-19 00:19:10.552
38390,39.4056,0,2024-04-19 00:19:10.552
38380,39,0,2024-04-19 00:19:10.552
38370,545.3012,0,2024-04-19 00:19:10.552
38460,149.9999,1,2024-04-19 00:19:10.552
38470,150,1,2024-04-19 00:19:10.552
38490,167.0105,1,2024-04-19 00:19:10.552
38500,30.8745,1,2024-04-19 00:19:10.552
38510,40.2792,1,2024-04-19 00:19:10.552
38410,30,0,2024-04-19 00:19:15.645
38400,268.8388,0,2024-04-19 00:19:15.645
38380,39,0,2024-04-19 00:19:15.645
38370,545.3012,0,2024-04-19 00:19:15.645
38360,150,0,2024-04-19 00:19:15.645
38430,73.0216,1,2024-04-19 00:19:15.645
38440,50,1,2024-04-19 00:19:15.645
38470,277.4801,1,2024-04-19 00:19:15.645
38480,40.5288,1,2024-04-19 00:19:15.645
38490,67.0105,1,2024-04-19 00:19:15.645
38410,30,0,2024-04-19 00:19:20.749
38400,113.1968,0,2024-04-19 00:19:20.749
38390,155.763,0,2024-04-19 00:19:20.749
38370,545.3012,0,2024-04-19 00:19:20.749
38350,39.8424,0,2024-04-19 00:19:20.749
38420,100,1,2024-04-19 00:19:20.749
38430,50,1,2024-04-19 00:19:20.749
38450,150,1,2024-04-19 00:19:20.749
38460,67.0105,1,2024-04-19 00:19:20.749
38470,127.4801,1,2024-04-19 00:19:20.749
38410,26.6055,0,2024-04-19 00:19:25.838
38400,113.1968,0,2024-04-19 00:19:25.838
38370,545.3012,0,2024-04-19 00:19:25.838
38350,89.8424,0,2024-04-19 00:19:25.838
38330,126.0348,0,2024-04-19 00:19:25.838
38420,100,1,2024-04-19 00:19:25.838
38430,50,1,2024-04-19 00:19:25.838
38450,150,1,2024-04-19 00:19:25.838
38460,67.0105,1,2024-04-19 00:19:25.838
38470,127.4801,1,2024-04-19 00:19:25.838
38410,26.6055,0,2024-04-19 00:19:30.946
38400,113.1968,0,2024-04-19 00:19:30.946
38370,545.3012,0,2024-04-19 00:19:30.946
38360,50,0,2024-04-19 00:19:30.946
38350,139.8424,0,2024-04-19 00:19:30.946
38420,100,1,2024-04-19 00:19:30.946
38430,50,1,2024-04-19 00:19:30.946
38450,150,1,2024-04-19 00:19:30.946
38460,67.0105,1,2024-04-19 00:19:30.946
38470,127.4801,1,2024-04-19 00:19:30.946
38410,143.6653,0,2024-04-19 00:19:36.032
38400,113.1968,0,2024-04-19 00:19:36.032
38370,595.3012,0,2024-04-19 00:19:36.032
38360,100,0,2024-04-19 00:19:36.032
38350,39.8424,0,2024-04-19 00:19:36.032
38420,100,1,2024-04-19 00:19:36.032
38430,50,1,2024-04-19 00:19:36.032
38450,150,1,2024-04-19 00:19:36.032
38470,127.4801,1,2024-04-19 00:19:36.032
38480,40.5288,1,2024-04-19 00:19:36.032
38410,143.6653,0,2024-04-19 00:19:41.130
38400,113.1968,0,2024-04-19 00:19:41.130
38370,545.3012,0,2024-04-19 00:19:41.130
38350,89.8424,0,2024-04-19 00:19:41.130
38340,100,0,2024-04-19 00:19:41.130
38420,100,1,2024-04-19 00:19:41.130
38430,50,1,2024-04-19 00:19:41.130
38450,152.7797,1,2024-04-19 00:19:41.130
38460,66.8545,1,2024-04-19 00:19:41.130
38470,127.4801,1,2024-04-19 00:19:41.130
38410,143.6653,0,2024-04-19 00:19:46.499
38400,230.2565,0,2024-04-19 00:19:46.499
38370,46.4868,0,2024-04-19 00:19:46.499
38360,38.9064,0,2024-04-19 00:19:46.499
38350,89.8424,0,2024-04-19 00:19:46.499
38420,100,1,2024-04-19 00:19:46.499
38450,52.7797,1,2024-04-19 00:19:46.499
38460,216.8545,1,2024-04-19 00:19:46.499
38470,27.4801,1,2024-04-19 00:19:46.499
38480,140.5288,1,2024-04-19 00:19:46.499
38410,143.6653,0,2024-04-19 00:19:51.737
38400,230.2565,0,2024-04-19 00:19:51.737
38370,46.4868,0,2024-04-19 00:19:51.737
38360,88.9064,0,2024-04-19 00:19:51.737
38350,139.8424,0,2024-04-19 00:19:51.737
38420,100,1,2024-04-19 00:19:51.737
38440,50,1,2024-04-19 00:19:51.737
38450,2.7797,1,2024-04-19 00:19:51.737
38460,216.8545,1,2024-04-19 00:19:51.737
38470,27.4801,1,2024-04-19 00:19:51.737
38410,143.6653,0,2024-04-19 00:19:56.852
38400,230.2565,0,2024-04-19 00:19:56.852
38370,6.6132,0,2024-04-19 00:19:56.852
38360,38.9064,0,2024-04-19 00:19:56.852
38350,89.8424,0,2024-04-19 00:19:56.852
38420,150,1,2024-04-19 00:19:56.852
38440,150,1,2024-04-19 00:19:56.852
38450,169.759,1,2024-04-19 00:19:56.852
38460,66.8545,1,2024-04-19 00:19:56.852
38470,127.4801,1,2024-04-19 00:19:56.852
38410,143.6653,0,2024-04-19 00:20:01.978
38400,230.2565,0,2024-04-19 00:20:01.978
38370,44.3652,0,2024-04-19 00:20:01.978
38360,88.9064,0,2024-04-19 00:20:01.978
38350,39.8424,0,2024-04-19 00:20:01.978
38420,89.6158,1,2024-04-19 00:20:01.978
38430,50,1,2024-04-19 00:20:01.978
38440,150,1,2024-04-19 00:20:01.978
38450,102.7797,1,2024-04-19 00:20:01.978
38460,66.8545,1,2024-04-19 00:20:01.978
38410,143.6653,0,2024-04-19 00:20:07.134
38400,230.2565,0,2024-04-19 00:20:07.134
38370,6.6132,0,2024-04-19 00:20:07.134
38360,38.9064,0,2024-04-19 00:20:07.134
38350,39.8424,0,2024-04-19 00:20:07.134
38450,42.8093,1,2024-04-19 00:20:07.134
38460,66.8545,1,2024-04-19 00:20:07.134
38470,127.4801,1,2024-04-19 00:20:07.134
38480,90.5288,1,2024-04-19 00:20:07.134
38490,217.0105,1,2024-04-19 00:20:07.134
38410,143.6653,0,2024-04-19 00:20:12.244
38400,230.2565,0,2024-04-19 00:20:12.244
38390,155.763,0,2024-04-19 00:20:12.244
38370,6.6132,0,2024-04-19 00:20:12.244
38360,38.9064,0,2024-04-19 00:20:12.244
38450,42.8093,1,2024-04-19 00:20:12.244
38460,66.8545,1,2024-04-19 00:20:12.244
38470,127.4801,1,2024-04-19 00:20:12.244
38480,90.5288,1,2024-04-19 00:20:12.244
38490,217.0105,1,2024-04-19 00:20:12.244
38430,30,0,2024-04-19 00:20:17.355
38410,117.0597,0,2024-04-19 00:20:17.355
38400,230.2565,0,2024-04-19 00:20:17.355
38390,155.763,0,2024-04-19 00:20:17.355
38380,38.1576,0,2024-04-19 00:20:17.355
38450,42.8093,1,2024-04-19 00:20:17.355
38460,66.8545,1,2024-04-19 00:20:17.355
38470,127.4801,1,2024-04-19 00:20:17.355
38480,90.5288,1,2024-04-19 00:20:17.355
38490,217.0105,1,2024-04-19 00:20:17.355
38430,30,0,2024-04-19 00:20:22.449
38410,117.0597,0,2024-04-19 00:20:22.449
38400,230.2565,0,2024-04-19 00:20:22.449
38390,155.763,0,2024-04-19 00:20:22.449
38380,38.1576,0,2024-04-19 00:20:22.449
38450,2.7797,1,2024-04-19 00:20:22.449
38460,66.8545,1,2024-04-19 00:20:22.449
38470,127.4801,1,2024-04-19 00:20:22.449
38480,90.5288,1,2024-04-19 00:20:22.449
38490,217.0105,1,2024-04-19 00:20:22.449
38430,30,0,2024-04-19 00:20:27.591
38410,117.0597,0,2024-04-19 00:20:27.591
38400,230.2565,0,2024-04-19 00:20:27.591
38390,155.763,0,2024-04-19 00:20:27.591
38380,78.0312,0,2024-04-19 00:20:27.591
38450,2.7797,1,2024-04-19 00:20:27.591
38470,27.4801,1,2024-04-19 00:20:27.591
38480,90.5288,1,2024-04-19 00:20:27.591
38490,67.0105,1,2024-04-19 00:20:27.591
38500,128.789,1,2024-04-19 00:20:27.591
38430,30,0,2024-04-19 00:20:32.686
38410,117.0597,0,2024-04-19 00:20:32.686
38400,230.2565,0,2024-04-19 00:20:32.686
38390,155.763,0,2024-04-19 00:20:32.686
38380,78.0312,0,2024-04-19 00:20:32.686
38450,2.7797,1,2024-04-19 00:20:32.686
38470,27.4801,1,2024-04-19 00:20:32.686
38480,90.5288,1,2024-04-19 00:20:32.686
38490,67.0105,1,2024-04-19 00:20:32.686
38500,128.789,1,2024-04-19 00:20:32.686
38430,30,0,2024-04-19 00:20:38.250
38410,117.0597,0,2024-04-19 00:20:38.250
38400,230.2565,0,2024-04-19 00:20:38.250
38390,155.763,0,2024-04-19 00:20:38.250
38380,38.1576,0,2024-04-19 00:20:38.250
38440,100,1,2024-04-19 00:20:38.250
38450,2.7797,1,2024-04-19 00:20:38.250
38460,116.3865,1,2024-04-19 00:20:38.250
38470,177.4801,1,2024-04-19 00:20:38.250
38480,38.4072,1,2024-04-19 00:20:38.250
38430,30,0,2024-04-19 00:20:43.391
38410,117.0597,0,2024-04-19 00:20:43.391
38400,268.4141,0,2024-04-19 00:20:43.391
38390,155.763,0,2024-04-19 00:20:43.391
38370,46.1748,0,2024-04-19 00:20:43.391
38450,2.7797,1,2024-04-19 00:20:43.391
38470,27.4801,1,2024-04-19 00:20:43.391
38480,188.4072,1,2024-04-19 00:20:43.391
38490,67.0105,1,2024-04-19 00:20:43.391
38500,178.789,1,2024-04-19 00:20:43.391
38450,29.9999,0,2024-04-19 00:20:48.520
38420,193.7684,0,2024-04-19 00:20:48.520
38410,117.0597,0,2024-04-19 00:20:48.520
38400,730.2565,0,2024-04-19 00:20:48.520
38390,38.7816,0,2024-04-19 00:20:48.520
38480,150,1,2024-04-19 00:20:48.520
38490,67.0105,1,2024-04-19 00:20:48.520
38500,217.0402,1,2024-04-19 00:20:48.520
38520,100,1,2024-04-19 00:20:48.520
38540,0.78,1,2024-04-19 00:20:48.520
38450,29.9999,0,2024-04-19 00:20:53.858
38420,193.7684,0,2024-04-19 00:20:53.858
38410,117.0597,0,2024-04-19 00:20:53.858
38400,730.2565,0,2024-04-19 00:20:53.858
38390,50,0,2024-04-19 00:20:53.858
38470,40.3728,1,2024-04-19 00:20:53.858
38480,27.4801,1,2024-04-19 00:20:53.858
38490,67.0105,1,2024-04-19 00:20:53.858
38500,167.0402,1,2024-04-19 00:20:53.858
38510,50,1,2024-04-19 00:20:53.858
38450,29.9999,0,2024-04-19 00:20:58.995
38420,193.7684,0,2024-04-19 00:20:58.995
38410,117.0597,0,2024-04-19 00:20:58.995
38400,730.2565,0,2024-04-19 00:20:58.995
38390,50,0,2024-04-19 00:20:58.995
38470,40.3728,1,2024-04-19 00:20:58.995
38480,27.4801,1,2024-04-19 00:20:58.995
38490,67.0105,1,2024-04-19 00:20:58.995
38500,167.0402,1,2024-04-19 00:20:58.995
38510,50,1,2024-04-19 00:20:58.995
38420,30,0,2024-04-19 00:21:04.447
38410,117.0597,0,2024-04-19 00:21:04.447
38400,256.6889,0,2024-04-19 00:21:04.447
38390,38.8752,0,2024-04-19 00:21:04.447
38370,6.6132,0,2024-04-19 00:21:04.447
38460,66.3553,1,2024-04-19 00:21:04.447
38470,140.3728,1,2024-04-19 00:21:04.447
38480,27.4801,1,2024-04-19 00:21:04.447
38490,117.0105,1,2024-04-19 00:21:04.447
38500,67.0402,1,2024-04-19 00:21:04.447
38420,30,0,2024-04-19 00:21:09.557
38410,117.0597,0,2024-04-19 00:21:09.557
38400,256.6889,0,2024-04-19 00:21:09.557
38390,38.8752,0,2024-04-19 00:21:09.557
38380,50,0,2024-04-19 00:21:09.557
38460,27.4801,1,2024-04-19 00:21:09.557
38470,40.3728,1,2024-04-19 00:21:09.557
38480,27.4801,1,2024-04-19 00:21:09.557
38490,117.0105,1,2024-04-19 00:21:09.557
38500,317.0402,1,2024-04-19 00:21:09.557
38420,30,0,2024-04-19 00:21:14.666
38410,117.0597,0,2024-04-19 00:21:14.666
38400,256.6889,0,2024-04-19 00:21:14.666
38390,38.8752,0,2024-04-19 00:21:14.666
38380,50,0,2024-04-19 00:21:14.666
38460,167.7593,1,2024-04-19 00:21:14.666
38470,40.3728,1,2024-04-19 00:21:14.666
38480,227.4801,1,2024-04-19 00:21:14.666
38490,67.0105,1,2024-04-19 00:21:14.666
38500,167.0402,1,2024-04-19 00:21:14.666
38410,117.0597,0,2024-04-19 00:21:19.844
38400,256.6889,0,2024-04-19 00:21:19.844
38390,38.8752,0,2024-04-19 00:21:19.844
38370,6.6132,0,2024-04-19 00:21:19.844
38360,550,0,2024-04-19 00:21:19.844
38450,65.3881,1,2024-04-19 00:21:19.844
38460,217.7593,1,2024-04-19 00:21:19.844
38470,40.3728,1,2024-04-19 00:21:19.844
38480,177.4801,1,2024-04-19 00:21:19.844
38490,67.0105,1,2024-04-19 00:21:19.844
38410,105.0909,0,2024-04-19 00:21:25.007
38400,256.6889,0,2024-04-19 00:21:25.007
38390,38.8752,0,2024-04-19 00:21:25.007
38370,6.6132,0,2024-04-19 00:21:25.007
38360,500,0,2024-04-19 00:21:25.007
38440,67.4785,1,2024-04-19 00:21:25.007
38450,65.3881,1,2024-04-19 00:21:25.007
38460,217.7593,1,2024-04-19 00:21:25.007
38470,40.3728,1,2024-04-19 00:21:25.007
38480,150,1,2024-04-19 00:21:25.007
38420,26.8608,0,2024-04-19 00:21:30.122
38410,105.0909,0,2024-04-19 00:21:30.122
38400,256.6889,0,2024-04-19 00:21:30.122
38390,38.8752,0,2024-04-19 00:21:30.122
38370,6.6132,0,2024-04-19 00:21:30.122
38440,167.4785,1,2024-04-19 00:21:30.122
38450,65.3881,1,2024-04-19 00:21:30.122
38460,117.7593,1,2024-04-19 00:21:30.122
38470,40.3728,1,2024-04-19 00:21:30.122
38480,150,1,2024-04-19 00:21:30.122
38420,26.8608,0,2024-04-19 00:21:35.304
38410,105.0909,0,2024-04-19 00:21:35.304
38400,256.6889,0,2024-04-19 00:21:35.304
38390,38.8752,0,2024-04-19 00:21:35.304
38370,6.6132,0,2024-04-19 00:21:35.304
38440,127.4801,1,2024-04-19 00:21:35.304
38450,65.3881,1,2024-04-19 00:21:35.304
38460,117.7593,1,2024-04-19 00:21:35.304
38470,40.3728,1,2024-04-19 00:21:35.304
38480,150,1,2024-04-19 00:21:35.304
38420,26.8608,0,2024-04-19 00:21:40.437
38410,105.0909,0,2024-04-19 00:21:40.437
38400,256.6889,0,2024-04-19 00:21:40.437
38390,38.8752,0,2024-04-19 00:21:40.437
38370,6.6132,0,2024-04-19 00:21:40.437
38440,127.4801,1,2024-04-19 00:21:40.437
38450,65.3881,1,2024-04-19 00:21:40.437
38460,117.7593,1,2024-04-19 00:21:40.437
38470,40.3728,1,2024-04-19 00:21:40.437
38480,150,1,2024-04-19 00:21:40.437
38420,64.3008,0,2024-04-19 00:21:45.533
38410,105.0909,0,2024-04-19 00:21:45.533
38400,412.3709,0,2024-04-19 00:21:45.533
38370,6.6132,0,2024-04-19 00:21:45.533
38360,50,0,2024-04-19 00:21:45.533
38450,65.3881,1,2024-04-19 00:21:45.533
38460,67.7593,1,2024-04-19 00:21:45.533
38470,117.8529,1,2024-04-19 00:21:45.533
38490,150,1,2024-04-19 00:21:45.533
38500,101.3089,1,2024-04-19 00:21:45.533
38430,45.3511,0,2024-04-19 00:21:50.627
38420,35.3922,0,2024-04-19 00:21:50.627
38410,105.0909,0,2024-04-19 00:21:50.627
38400,256.6889,0,2024-04-19 00:21:50.627
38370,184.0933,0,2024-04-19 00:21:50.627
38440,80.9532,1,2024-04-19 00:21:50.627
38450,60.532,1,2024-04-19 00:21:50.627
38460,77.4801,1,2024-04-19 00:21:50.627
38470,127.4801,1,2024-04-19 00:21:50.627
38500,151.3089,1,2024-04-19 00:21:50.627
38430,35.5336,0,2024-04-19 00:21:55.720
38420,35.3922,0,2024-04-19 00:21:55.720
38410,105.0909,0,2024-04-19 00:21:55.720
38400,256.6889,0,2024-04-19 00:21:55.720
38390,27.4801,0,2024-04-19 00:21:55.720
38450,39.624,1,2024-04-19 00:21:55.720
38460,66.7921,1,2024-04-19 00:21:55.720
38470,27.4801,1,2024-04-19 00:21:55.720
