price,quantity,type,timestamp
4455000,1.768,0,2024-04-18 00:00:04.095
4454000,45.2526,0,2024-04-18 00:00:04.095
4453000,4.7676,0,2024-04-18 00:00:04.095
4452000,1.4179,0,2024-04-18 00:00:04.095
4451000,1,0,2024-04-18 00:00:04.095
4461000,0.34,1,2024-04-18 00:00:04.095
4462000,18.9787,1,2024-04-18 00:00:04.095
4463000,4,1,2024-04-18 00:00:04.095
4464000,6.1288,1,2024-04-18 00:00:04.095
4465000,30.232,1,2024-04-18 00:00:04.095
4454000,30.1164,0,2024-04-18 00:00:09.273
4453000,16.7897,0,2024-04-18 00:00:09.273
4452000,3.654,0,2024-04-18 00:00:09.273
4451000,1,0,2024-04-18 00:00:09.273
4450000,3.8206,0,2024-04-18 00:00:09.273
4456000,9.4011,1,2024-04-18 00:00:09.273
4462000,16.3351,1,2024-04-18 00:00:09.273
4463000,4.4266,1,2024-04-18 00:00:09.273
4464000,4.4371,1,2024-04-18 00:00:09.273
4465000,4,1,2024-04-18 00:00:09.273
4454000,0.007,0,2024-04-18 00:00:14.417
4453000,0.357,0,2024-04-18 00:00:14.417
4452000,43.8997,0,2024-04-18 00:00:14.417
4451000,1.4301,0,2024-04-18 00:00:14.417
4450000,7.1535,0,2024-04-18 00:00:14.417
4455000,0,1,2024-04-18 00:00:14.417
4460000,0.1022,1,2024-04-18 00:00:14.417
4461000,19.7742,1,2024-04-18 00:00:14.417
4462000,5.4116,1,2024-04-18 00:00:14.417
4463000,6.6627,1,2024-04-18 00:00:14.417
4455000,2.2651,0,2024-04-18 00:00:19.528
4454000,15.4263,0,2024-04-18 00:00:19.528
4453000,0.4353,0,2024-04-18 00:00:19.528
4452000,1.4207,0,2024-04-18 00:00:19.528
4451000,1.3569,0,2024-04-18 00:00:19.528
4461000,2.2381,1,2024-04-18 00:00:19.528
4462000,18.9787,1,2024-04-18 00:00:19.528
4463000,4.356,1,2024-04-18 00:00:19.528
4464000,4.4406,1,2024-04-18 00:00:19.528
4465000,4,1,2024-04-18 00:00:19.528
4456000,2.2665,0,2024-04-18 00:00:24.666
4455000,15.447,0,2024-04-18 00:00:24.666
4454000,3.6624,0,2024-04-18 00:00:24.666
4453000,2.7758,0,2024-04-18 00:00:24.666
4452000,1.3571,0,2024-04-18 00:00:24.666
4462000,3.3175,1,2024-04-18 00:00:24.666
4463000,15,1,2024-04-18 00:00:24.666
4464000,5.3405,1,2024-04-18 00:00:24.666
4465000,4.427,1,2024-04-18 00:00:24.666
4466000,4.4362,1,2024-04-18 00:00:24.666
4455000,0.4466,0,2024-04-18 00:00:29.776
4454000,2.6624,0,2024-04-18 00:00:29.776
4453000,1.4353,0,2024-04-18 00:00:29.776
4452000,1,0,2024-04-18 00:00:29.776
4451000,4.69,0,2024-04-18 00:00:29.776
4460000,0.3569,1,2024-04-18 00:00:29.776
4461000,8.4011,1,2024-04-18 00:00:29.776
4462000,1.0809,1,2024-04-18 00:00:29.776
4463000,15,1,2024-04-18 00:00:29.776
4464000,4.4447,1,2024-04-18 00:00:29.776
4455000,0.02,0,2024-04-18 00:00:34.927
4454000,0.007,0,2024-04-18 00:00:34.927
4452000,15,0,2024-04-18 00:00:34.927
4451000,31.5909,0,2024-04-18 00:00:34.927
4450000,3.4427,0,2024-04-18 00:00:34.927
4460000,0.3563,1,2024-04-18 00:00:34.927
4461000,29.075,1,2024-04-18 00:00:34.927
4462000,5.5041,1,2024-04-18 00:00:34.927
4463000,4.4228,1,2024-04-18 00:00:34.927
4464000,8.1347,1,2024-04-18 00:00:34.927
4457000,0.2307,0,2024-04-18 00:00:40.065
4456000,0.0448,0,2024-04-18 00:00:40.065
4455000,0.02,0,2024-04-18 00:00:40.065
4454000,0.007,0,2024-04-18 00:00:40.065
4453000,2.0173,0,2024-04-18 00:00:40.065
4460000,0.3563,1,2024-04-18 00:00:40.065
4461000,29.0896,1,2024-04-18 00:00:40.065
4462000,5.0809,1,2024-04-18 00:00:40.065
4463000,4.5316,1,2024-04-18 00:00:40.065
4464000,4.4447,1,2024-04-18 00:00:40.065
4457000,0.2754,0,2024-04-18 00:00:45.200
4456000,0.0448,0,2024-04-18 00:00:45.200
4455000,1.8644,0,2024-04-18 00:00:45.200
4454000,15.4566,0,2024-04-18 00:00:45.200
4453000,5.6656,0,2024-04-18 00:00:45.200
4460000,0.0708,1,2024-04-18 00:00:45.200
4461000,8.4011,1,2024-04-18 00:00:45.200
4462000,1.0809,1,2024-04-18 00:00:45.200
4463000,3,1,2024-04-18 00:00:45.200
4464000,21.1419,1,2024-04-18 00:00:45.200
4458000,3.69,0,2024-04-18 00:00:50.332
4457000,3.69,0,2024-04-18 00:00:50.332
4456000,15.5204,0,2024-04-18 00:00:50.332
4455000,2.1437,0,2024-04-18 00:00:50.332
4454000,3.6932,0,2024-04-18 00:00:50.332
4460000,0.0708,1,2024-04-18 00:00:50.332
4461000,8.4011,1,2024-04-18 00:00:50.332
4462000,1.0809,1,2024-04-18 00:00:50.332
4464000,21.69,1,2024-04-18 00:00:50.332
4465000,4,1,2024-04-18 00:00:50.332
4458000,0.0355,0,2024-04-18 00:00:55.444
4456000,0.0844,0,2024-04-18 00:00:55.444
4454000,15.007,0,2024-04-18 00:00:55.444
4453000,4.2997,0,2024-04-18 00:00:55.444
4452000,1.7652,0,2024-04-18 00:00:55.444
4459000,0.1555,1,2024-04-18 00:00:55.444
4460000,0.0708,1,2024-04-18 00:00:55.444
4461000,8.4011,1,2024-04-18 00:00:55.444
4462000,19.4361,1,2024-04-18 00:00:55.444
4463000,4.4392,1,2024-04-18 00:00:55.444
4458000,0.0355,0,2024-04-18 00:01:00.568
4456000,0.0844,0,2024-04-18 00:01:00.568
4455000,1.8368,0,2024-04-18 00:01:00.568
4454000,15.3638,0,2024-04-18 00:01:00.568
4453000,4.2997,0,2024-04-18 00:01:00.568
4460000,0.0508,1,2024-04-18 00:01:00.568
4461000,8.4011,1,2024-04-18 00:01:00.568
4462000,19.0796,1,2024-04-18 00:01:00.568
4463000,8.1236,1,2024-04-18 00:01:00.568
4464000,4.4308,1,2024-04-18 00:01:00.568
4458000,0.0355,0,2024-04-18 00:01:05.736
4456000,15.5264,0,2024-04-18 00:01:05.736
4454000,2.3474,0,2024-04-18 00:01:05.736
4453000,5.2965,0,2024-04-18 00:01:05.736
4452000,1.4242,0,2024-04-18 00:01:05.736
4461000,8.4011,1,2024-04-18 00:01:05.736
4462000,0.9787,1,2024-04-18 00:01:05.736
4463000,3.1009,1,2024-04-18 00:01:05.736
4464000,19.3565,1,2024-04-18 00:01:05.736
4465000,4,1,2024-04-18 00:01:05.736
4460000,15.629,0,2024-04-18 00:01:10.842
4459000,2.1322,0,2024-04-18 00:01:10.842
4458000,4.0764,0,2024-04-18 00:01:10.842
4457000,1.436,0,2024-04-18 00:01:10.842
4456000,1.0844,0,2024-04-18 00:01:10.842
4461000,4.1919,1,2024-04-18 00:01:10.842
4462000,0.9787,1,2024-04-18 00:01:10.842
4466000,0.0012,1,2024-04-18 00:01:10.842
4468000,7.046,1,2024-04-18 00:01:10.842
4469000,19,1,2024-04-18 00:01:10.842
4460000,15.6649,0,2024-04-18 00:01:16.059
4459000,1.7927,0,2024-04-18 00:01:16.059
4458000,1.8398,0,2024-04-18 00:01:16.059
4457000,1.436,0,2024-04-18 00:01:16.059
4456000,1.0844,0,2024-04-18 00:01:16.059
4461000,1.6051,1,2024-04-18 00:01:16.059
4462000,0.9787,1,2024-04-18 00:01:16.059
4466000,0.0012,1,2024-04-18 00:01:16.059
4469000,18,1,2024-04-18 00:01:16.059
4470000,4.3556,1,2024-04-18 00:01:16.059
4463000,0.4395,0,2024-04-18 00:01:21.195
4462000,0.8067,0,2024-04-18 00:01:21.195
4461000,21.5458,0,2024-04-18 00:01:21.195
4460000,0.6649,0,2024-04-18 00:01:21.195
4459000,1.4364,0,2024-04-18 00:01:21.195
4466000,0.0012,1,2024-04-18 00:01:21.195
4470000,18,1,2024-04-18 00:01:21.195
4471000,8.046,1,2024-04-18 00:01:21.195
4472000,4,1,2024-04-18 00:01:21.195
4473000,1.3935,1,2024-04-18 00:01:21.195
4458000,0.3919,0,2024-04-18 00:02:11.063
4457000,0.1121,0,2024-04-18 00:02:11.063
4456000,0.0395,0,2024-04-18 00:02:11.063
4455000,0.7817,0,2024-04-18 00:02:11.063
4454000,15.007,0,2024-04-18 00:02:11.063
4461000,5.8078,1,2024-04-18 00:02:11.063
4462000,1,1,2024-04-18 00:02:11.063
4463000,21.3365,1,2024-04-18 00:02:11.063
4464000,4.4514,1,2024-04-18 00:02:11.063
4465000,4.4489,1,2024-04-18 00:02:11.063
4457000,0.1121,0,2024-04-18 00:02:16.205
4456000,0.0395,0,2024-04-18 00:02:16.205
4454000,0.9798,0,2024-04-18 00:02:16.205
4453000,15.5568,0,2024-04-18 00:02:16.205
4452000,28.4734,0,2024-04-18 00:02:16.205
4458000,0.098,1,2024-04-18 00:02:16.205
4461000,21.8078,1,2024-04-18 00:02:16.205
4462000,1.1875,1,2024-04-18 00:02:16.205
4463000,6.685,1,2024-04-18 00:02:16.205
4464000,4.8004,1,2024-04-18 00:02:16.205
4454000,0.1729,0,2024-04-18 00:02:21.338
4453000,0.1705,0,2024-04-18 00:02:21.338
4451000,0.8679,0,2024-04-18 00:02:21.338
4450000,17.451,0,2024-04-18 00:02:21.338
4449000,0.3598,0,2024-04-18 00:02:21.338
4457000,3,1,2024-04-18 00:02:21.338
4458000,4,1,2024-04-18 00:02:21.338
4459000,18.9289,1,2024-04-18 00:02:21.338
4460000,4.4207,1,2024-04-18 00:02:21.338
4461000,7.5889,1,2024-04-18 00:02:21.338
4454000,0.2729,0,2024-04-18 00:02:26.442
4453000,0.6062,0,2024-04-18 00:02:26.442
4452000,4.1086,0,2024-04-18 00:02:26.442
4451000,4.9417,0,2024-04-18 00:02:26.442
4450000,17.451,0,2024-04-18 00:02:26.442
4457000,0.1849,1,2024-04-18 00:02:26.442
4458000,4,1,2024-04-18 00:02:26.442
4459000,18.9289,1,2024-04-18 00:02:26.442
4460000,1,1,2024-04-18 00:02:26.442
4461000,7.414,1,2024-04-18 00:02:26.442
4451000,0.4367,0,2024-04-18 00:02:31.601
4450000,17.0111,0,2024-04-18 00:02:31.601
4449000,2.3434,0,2024-04-18 00:02:31.601
4448000,0.8209,0,2024-04-18 00:02:31.601
4447000,1.0744,0,2024-04-18 00:02:31.601
4456000,3.2245,1,2024-04-18 00:02:31.601
4457000,4.0849,1,2024-04-18 00:02:31.601
4458000,19,1,2024-04-18 00:02:31.601
4459000,6.0661,1,2024-04-18 00:02:31.601
4461000,2.1463,1,2024-04-18 00:02:31.601
4450000,3.0111,0,2024-04-18 00:02:36.963
4449000,1.4466,0,2024-04-18 00:02:36.963
4448000,2.7019,0,2024-04-18 00:02:36.963
4447000,16.4323,0,2024-04-18 00:02:36.963
4446000,32.236,0,2024-04-18 00:02:36.963
4455000,4,1,2024-04-18 00:02:36.963
4456000,19.1224,1,2024-04-18 00:02:36.963
4457000,4.0849,1,2024-04-18 00:02:36.963
4458000,6.6721,1,2024-04-18 00:02:36.963
4459000,4.2794,1,2024-04-18 00:02:36.963
4450000,3.1111,0,2024-04-18 00:02:42.217
4449000,0.0022,0,2024-04-18 00:02:42.217
4448000,2.2628,0,2024-04-18 00:02:42.217
4447000,1.0744,0,2024-04-18 00:02:42.217
4446000,43.546,0,2024-04-18 00:02:42.217
4454000,4,1,2024-04-18 00:02:42.217
4455000,20.3436,1,2024-04-18 00:02:42.217
4456000,6.8104,1,2024-04-18 00:02:42.217
4457000,4.5279,1,2024-04-18 00:02:42.217
4458000,4.434,1,2024-04-18 00:02:42.217
4450000,3.5418,0,2024-04-18 00:02:47.328
4449000,4.1265,0,2024-04-18 00:02:47.328
4448000,18.9163,0,2024-04-18 00:02:47.328
4447000,1.4173,0,2024-04-18 00:02:47.328
4446000,33.956,0,2024-04-18 00:02:47.328
4455000,3,1,2024-04-18 00:02:47.328
4456000,4.1224,1,2024-04-18 00:02:47.328
4457000,4.0849,1,2024-04-18 00:02:47.328
4458000,19.3566,1,2024-04-18 00:02:47.328
4459000,26.4615,1,2024-04-18 00:02:47.328
4450000,3.1211,0,2024-04-18 00:02:52.432
4449000,0.0122,0,2024-04-18 00:02:52.432
4448000,0.646,0,2024-04-18 00:02:52.432
4447000,15.507,0,2024-04-18 00:02:52.432
4446000,28.546,0,2024-04-18 00:02:52.432
4454000,8,1,2024-04-18 00:02:52.432
4455000,4,1,2024-04-18 00:02:52.432
4456000,22.7044,1,2024-04-18 00:02:52.432
4457000,4.442,1,2024-04-18 00:02:52.432
4458000,4.4427,1,2024-04-18 00:02:52.432
4450000,3.1013,0,2024-04-18 00:02:57.543
4449000,0.0122,0,2024-04-18 00:02:57.543
4448000,0.2263,0,2024-04-18 00:02:57.543
4447000,0.0744,0,2024-04-18 00:02:57.543
4445000,15.1312,0,2024-04-18 00:02:57.543
4453000,3,1,2024-04-18 00:02:57.543
4454000,21.2396,1,2024-04-18 00:02:57.543
4455000,4.8025,1,2024-04-18 00:02:57.543
4456000,4.5539,1,2024-04-18 00:02:57.543
4457000,4.5088,1,2024-04-18 00:02:57.543
4451000,0,0,2024-04-18 00:03:02.640
4450000,2.9895,0,2024-04-18 00:03:02.640
4449000,0.0122,0,2024-04-18 00:03:02.640
4448000,0.1242,0,2024-04-18 00:03:02.640
4447000,0.0744,0,2024-04-18 00:03:02.640
4453000,3,1,2024-04-18 00:03:02.640
4454000,20.7914,1,2024-04-18 00:03:02.640
4455000,6.6845,1,2024-04-18 00:03:02.640
4456000,4.5626,1,2024-04-18 00:03:02.640
4457000,30.9795,1,2024-04-18 00:03:02.640
4447000,0.0744,0,2024-04-18 00:03:07.730
4445000,0.1312,0,2024-04-18 00:03:07.730
4444000,0.6217,0,2024-04-18 00:03:07.730
4443000,0.8713,0,2024-04-18 00:03:07.730
4442000,48.0538,0,2024-04-18 00:03:07.730
4448000,0.0342,1,2024-04-18 00:03:07.730
4450000,20.5668,1,2024-04-18 00:03:07.730
4452000,4,1,2024-04-18 00:03:07.730
4453000,4.442,1,2024-04-18 00:03:07.730
4454000,4.8048,1,2024-04-18 00:03:07.730
4442000,1.5112,0,2024-04-18 00:03:12.849
4441000,0.602,0,2024-04-18 00:03:12.849
4440000,0.8498,0,2024-04-18 00:03:12.849
4439000,0.8805,0,2024-04-18 00:03:12.849
4438000,18,0,2024-04-18 00:03:12.849
4444000,0.0342,1,2024-04-18 00:03:12.849
4447000,4,1,2024-04-18 00:03:12.849
4448000,4,1,2024-04-18 00:03:12.849
4449000,4,1,2024-04-18 00:03:12.849
4450000,0.4359,1,2024-04-18 00:03:12.849
4442000,1.8097,0,2024-04-18 00:03:17.976
4441000,0.2868,0,2024-04-18 00:03:17.976
4440000,16.2754,0,2024-04-18 00:03:17.976
4439000,3.43,0,2024-04-18 00:03:17.976
4438000,3,0,2024-04-18 00:03:17.976
4447000,3.9905,1,2024-04-18 00:03:17.976
4448000,6.2431,1,2024-04-18 00:03:17.976
4449000,19,1,2024-04-18 00:03:17.976
4450000,27.905,1,2024-04-18 00:03:17.976
4451000,0.4332,1,2024-04-18 00:03:17.976
4443000,0.4451,0,2024-04-18 00:03:23.142
4442000,17.2367,0,2024-04-18 00:03:23.142
4441000,3.7382,0,2024-04-18 00:03:23.142
4440000,5.6206,0,2024-04-18 00:03:23.142
4439000,3.01,0,2024-04-18 00:03:23.142
4448000,2.2431,1,2024-04-18 00:03:23.142
4449000,3.3571,1,2024-04-18 00:03:23.142
4450000,6.2522,1,2024-04-18 00:03:23.142
4451000,19,1,2024-04-18 00:03:23.142
4452000,4.4239,1,2024-04-18 00:03:23.142
4442000,1.3097,0,2024-04-18 00:03:28.286
4441000,0.1847,0,2024-04-18 00:03:28.286
4440000,0.8498,0,2024-04-18 00:03:28.286
4439000,18.4401,0,2024-04-18 00:03:28.286
4438000,3.4294,0,2024-04-18 00:03:28.286
4446000,3,1,2024-04-18 00:03:28.286
4447000,8.137,1,2024-04-18 00:03:28.286
4448000,24.8907,1,2024-04-18 00:03:28.286
4449000,6.668,1,2024-04-18 00:03:28.286
4450000,9.8644,1,2024-04-18 00:03:28.286
4440000,0.6651,0,2024-04-18 00:03:33.376
4439000,0.01,0,2024-04-18 00:03:33.376
4436000,0.7347,0,2024-04-18 00:03:33.376
4435000,16.2335,0,2024-04-18 00:03:33.376
4434000,31.5015,0,2024-04-18 00:03:33.376
4442000,5.9712,1,2024-04-18 00:03:33.376
4443000,2.0766,1,2024-04-18 00:03:33.376
4444000,20.2332,1,2024-04-18 00:03:33.376
4445000,4.4399,1,2024-04-18 00:03:33.376
4446000,4.7915,1,2024-04-18 00:03:33.376
4435000,1.182,0,2024-04-18 00:03:38.496
4433000,0.2256,0,2024-04-18 00:03:38.496
4432000,0.5049,0,2024-04-18 00:03:38.496
4431000,0.4038,0,2024-04-18 00:03:38.496
4430000,15.5912,0,2024-04-18 00:03:38.496
4436000,5.3139,1,2024-04-18 00:03:38.496
4438000,6.9999,1,2024-04-18 00:03:38.496
4439000,17,1,2024-04-18 00:03:38.496
4440000,5.4926,1,2024-04-18 00:03:38.496
4441000,2.4454,1,2024-04-18 00:03:38.496
4431000,0.4038,0,2024-04-18 00:03:43.606
4430000,0.5315,0,2024-04-18 00:03:43.606
4429000,0.1831,0,2024-04-18 00:03:43.606
4428000,0.2353,0,2024-04-18 00:03:43.606
4427000,1.0124,0,2024-04-18 00:03:43.606
4432000,7.8535,1,2024-04-18 00:03:43.606
4434000,2.1807,1,2024-04-18 00:03:43.606
4435000,21.181,1,2024-04-18 00:03:43.606
4436000,1,1,2024-04-18 00:03:43.606
4437000,4.3877,1,2024-04-18 00:03:43.606
4429000,0.1831,0,2024-04-18 00:03:48.733
4428000,0.2353,0,2024-04-18 00:03:48.733
4427000,1.0124,0,2024-04-18 00:03:48.733
4426000,0.5416,0,2024-04-18 00:03:48.733
4425000,20.4004,0,2024-04-18 00:03:48.733
4433000,5.2522,1,2024-04-18 00:03:48.733
4434000,1,1,2024-04-18 00:03:48.733
4435000,21.1664,1,2024-04-18 00:03:48.733
4436000,1.4291,1,2024-04-18 00:03:48.733
4437000,0.4382,1,2024-04-18 00:03:48.733
4430000,0.1021,0,2024-04-18 00:03:53.819
4429000,5.093,0,2024-04-18 00:03:53.819
4428000,3.6874,0,2024-04-18 00:03:53.819
4427000,5.0124,0,2024-04-18 00:03:53.819
4426000,8.1295,0,2024-04-18 00:03:53.819
4437000,3,1,2024-04-18 00:03:53.819
4438000,7.5995,1,2024-04-18 00:03:53.819
4439000,4,1,2024-04-18 00:03:53.819
4440000,16,1,2024-04-18 00:03:53.819
4441000,0.4305,1,2024-04-18 00:03:53.819
4430000,0.0199,0,2024-04-18 00:03:58.906
4429000,46.1182,0,2024-04-18 00:03:58.906
4428000,3.2353,0,2024-04-18 00:03:58.906
4427000,5.0124,0,2024-04-18 00:03:58.906
4426000,8.1295,0,2024-04-18 00:03:58.906
4436000,0.4444,1,2024-04-18 00:03:58.906
4437000,4.4329,1,2024-04-18 00:03:58.906
4438000,23.0414,1,2024-04-18 00:03:58.906
4439000,4.42,1,2024-04-18 00:03:58.906
4440000,4,1,2024-04-18 00:03:58.906
4432000,18.01,0,2024-04-18 00:04:04.050
4431000,3.4186,0,2024-04-18 00:04:04.050
4430000,3.5572,0,2024-04-18 00:04:04.050
4429000,32.5518,0,2024-04-18 00:04:04.050
4428000,4.6571,0,2024-04-18 00:04:04.050
4439000,3,1,2024-04-18 00:04:04.050
4440000,6.2487,1,2024-04-18 00:04:04.050
4441000,4.4517,1,2024-04-18 00:04:04.050
4442000,20.6135,1,2024-04-18 00:04:04.050
4443000,0.412,1,2024-04-18 00:04:04.050
4432000,18.4589,0,2024-04-18 00:04:09.229
4431000,3.5,0,2024-04-18 00:04:09.229
4430000,4.5572,0,2024-04-18 00:04:09.229
4429000,32.5518,0,2024-04-18 00:04:09.229
4428000,1.2353,0,2024-04-18 00:04:09.229
4440000,3.0696,1,2024-04-18 00:04:09.229
4441000,5.8159,1,2024-04-18 00:04:09.229
4442000,19.711,1,2024-04-18 00:04:09.229
4443000,30.8075,1,2024-04-18 00:04:09.229
4444000,0.4385,1,2024-04-18 00:04:09.229
4431000,28.2288,0,2024-04-18 00:04:14.314
4430000,15.11,0,2024-04-18 00:04:14.314
4429000,5.2524,0,2024-04-18 00:04:14.314
4428000,3.6703,0,2024-04-18 00:04:14.314
4427000,5.8211,0,2024-04-18 00:04:14.314
4437000,4,1,2024-04-18 00:04:14.314
4438000,4.5392,1,2024-04-18 00:04:14.314
4439000,4.435,1,2024-04-18 00:04:14.314
4440000,18.9774,1,2024-04-18 00:04:14.314
4441000,4,1,2024-04-18 00:04:14.314
4431000,46.3634,0,2024-04-18 00:04:19.426
4430000,3.11,0,2024-04-18 00:04:19.426
4429000,3.4456,0,2024-04-18 00:04:19.426
4428000,4.6703,0,2024-04-18 00:04:19.426
4427000,5.0169,0,2024-04-18 00:04:19.426
4437000,2.216,1,2024-04-18 00:04:19.426
4438000,3.5362,1,2024-04-18 00:04:19.426
4439000,4.4322,1,2024-04-18 00:04:19.426
4440000,19.4114,1,2024-04-18 00:04:19.426
4441000,4.4277,1,2024-04-18 00:04:19.426
4432000,1.2911,0,2024-04-18 00:04:24.534
4431000,46.3486,0,2024-04-18 00:04:24.534
4430000,3.9089,0,2024-04-18 00:04:24.534
4429000,4.4233,0,2024-04-18 00:04:24.534
4428000,12.0343,0,2024-04-18 00:04:24.534
4437000,2.1668,1,2024-04-18 00:04:24.534
4439000,3,1,2024-04-18 00:04:24.534
4440000,3.9774,1,2024-04-18 00:04:24.534
4441000,19,1,2024-04-18 00:04:24.534
4442000,1.7068,1,2024-04-18 00:04:24.534
4433000,16.9229,0,2024-04-18 00:05:02.323
4431000,0.359,0,2024-04-18 00:05:02.323
4430000,0.5786,0,2024-04-18 00:05:02.323
4429000,15.7254,0,2024-04-18 00:05:02.323
4428000,3.6762,0,2024-04-18 00:05:02.323
4436000,5.2507,1,2024-04-18 00:05:02.323
4437000,13.139,1,2024-04-18 00:05:02.323
4438000,4.5522,1,2024-04-18 00:05:02.323
4439000,19.4266,1,2024-04-18 00:05:02.323
4440000,4.4214,1,2024-04-18 00:05:02.323
4435000,17.6223,0,2024-04-18 00:05:07.471
4434000,0.0112,0,2024-04-18 00:05:07.471
4433000,0.0564,0,2024-04-18 00:05:07.471
4431000,15.7944,0,2024-04-18 00:05:07.471
4430000,3.1325,0,2024-04-18 00:05:07.471
4437000,9.139,1,2024-04-18 00:05:07.471
4438000,4,1,2024-04-18 00:05:07.471
4439000,6.2497,1,2024-04-18 00:05:07.471
4440000,4.5456,1,2024-04-18 00:05:07.471
4441000,19.4221,1,2024-04-18 00:05:07.471
4431000,9.1287,0,2024-04-18 00:05:12.565
4430000,0.4911,0,2024-04-18 00:05:12.565
4429000,0.2956,0,2024-04-18 00:05:12.565
4428000,1.5851,0,2024-04-18 00:05:12.565
4427000,1.0169,0,2024-04-18 00:05:12.565
4432000,3,1,2024-04-18 00:05:12.565
4433000,1.9435,1,2024-04-18 00:05:12.565
4434000,0.6885,1,2024-04-18 00:05:12.565
4435000,16.5292,1,2024-04-18 00:05:12.565
4436000,1.4183,1,2024-04-18 00:05:12.565
4431000,0.7495,0,2024-04-18 00:05:17.709
4430000,0.3121,0,2024-04-18 00:05:17.709
4429000,0.2956,0,2024-04-18 00:05:17.709
4428000,9.138,0,2024-04-18 00:05:17.709
4427000,16.4446,0,2024-04-18 00:05:17.709
4433000,4.9435,1,2024-04-18 00:05:17.709
4434000,3,1,2024-04-18 00:05:17.709
4435000,4.1022,1,2024-04-18 00:05:17.709
4436000,16,1,2024-04-18 00:05:17.709
4437000,10.3719,1,2024-04-18 00:05:17.709
4431000,0.01,0,2024-04-18 00:05:22.807
4430000,0.4263,0,2024-04-18 00:05:22.807
4429000,0.7167,0,2024-04-18 00:05:22.807
4428000,13.278,0,2024-04-18 00:05:22.807
4427000,1.4446,0,2024-04-18 00:05:22.807
4432000,0.1903,1,2024-04-18 00:05:22.807
4433000,3,1,2024-04-18 00:05:22.807
4434000,4,1,2024-04-18 00:05:22.807
4435000,6.3519,1,2024-04-18 00:05:22.807
4436000,42.4379,1,2024-04-18 00:05:22.807
4432000,1.0811,0,2024-04-18 00:05:28.124
4431000,0.3686,0,2024-04-18 00:05:28.124
4430000,2.0677,0,2024-04-18 00:05:28.124
4429000,4.3457,0,2024-04-18 00:05:28.124
4428000,9.588,0,2024-04-18 00:05:28.124
4434000,4,1,2024-04-18 00:05:28.124
4435000,4.1022,1,2024-04-18 00:05:28.124
4436000,22.69,1,2024-04-18 00:05:28.124
4437000,9.9327,1,2024-04-18 00:05:28.124
4438000,26.4271,1,2024-04-18 00:05:28.124
4432000,0.0948,0,2024-04-18 00:05:33.242
4431000,0.0111,0,2024-04-18 00:05:33.242
4430000,2.4267,0,2024-04-18 00:05:33.242
4429000,3.228,0,2024-04-18 00:05:33.242
4428000,3.2353,0,2024-04-18 00:05:33.242
4436000,3,1,2024-04-18 00:05:33.242
4437000,13.3771,1,2024-04-18 00:05:33.242
4438000,1.1022,1,2024-04-18 00:05:33.242
4439000,19.4381,1,2024-04-18 00:05:33.242
4440000,27.4142,1,2024-04-18 00:05:33.242
4431000,0.0111,0,2024-04-18 00:05:38.362
4430000,2.0677,0,2024-04-18 00:05:38.362
4429000,9.5154,0,2024-04-18 00:05:38.362
4428000,0.2376,0,2024-04-18 00:05:38.362
4427000,1.0169,0,2024-04-18 00:05:38.362
4432000,9.9817,1,2024-04-18 00:05:38.362
4434000,3,1,2024-04-18 00:05:38.362
4435000,16.6252,1,2024-04-18 00:05:38.362
4436000,4.5288,1,2024-04-18 00:05:38.362
4437000,10.3771,1,2024-04-18 00:05:38.362
4431000,0.1,0,2024-04-18 00:05:43.490
4430000,2.0414,0,2024-04-18 00:05:43.490
4429000,10.8642,0,2024-04-18 00:05:43.490
4428000,15.2376,0,2024-04-18 00:05:43.490
4427000,4.0169,0,2024-04-18 00:05:43.490
4432000,8.9127,1,2024-04-18 00:05:43.490
4435000,0.6252,1,2024-04-18 00:05:43.490
4436000,4.1022,1,2024-04-18 00:05:43.490
4437000,24.9327,1,2024-04-18 00:05:43.490
4438000,1,1,2024-04-18 00:05:43.490
4431000,21.4097,0,2024-04-18 00:05:48.642
4430000,2.8149,0,2024-04-18 00:05:48.642
4429000,3.228,0,2024-04-18 00:05:48.642
4428000,20.4858,0,2024-04-18 00:05:48.642
4427000,8.7069,0,2024-04-18 00:05:48.642
4432000,1.2406,1,2024-04-18 00:05:48.642
4436000,0.1022,1,2024-04-18 00:05:48.642
4437000,11.9327,1,2024-04-18 00:05:48.642
4438000,1,1,2024-04-18 00:05:48.642
4439000,42.4164,1,2024-04-18 00:05:48.642
4431000,0.7878,0,2024-04-18 00:05:53.764
4430000,2.8149,0,2024-04-18 00:05:53.764
4429000,19.0748,0,2024-04-18 00:05:53.764
4428000,1.9464,0,2024-04-18 00:05:53.764
4427000,4.0169,0,2024-04-18 00:05:53.764
4435000,2.8788,1,2024-04-18 00:05:53.764
4436000,4,1,2024-04-18 00:05:53.764
4437000,28.0349,1,2024-04-18 00:05:53.764
4438000,1.4319,1,2024-04-18 00:05:53.764
4439000,30.0993,1,2024-04-18 00:05:53.764
4431000,0.7878,0,2024-04-18 00:05:58.884
4430000,2.8172,0,2024-04-18 00:05:58.884
4429000,0.228,0,2024-04-18 00:05:58.884
4428000,0.2376,0,2024-04-18 00:05:58.884
4427000,1.0169,0,2024-04-18 00:05:58.884
4435000,18.8788,1,2024-04-18 00:05:58.884
4436000,4.45,1,2024-04-18 00:05:58.884
4437000,10.0349,1,2024-04-18 00:05:58.884
4438000,1.4221,1,2024-04-18 00:05:58.884
4439000,27.8357,1,2024-04-18 00:05:58.884
4431000,0.7878,0,2024-04-18 00:06:03.988
4430000,2.8172,0,2024-04-18 00:06:03.988
4429000,0.228,0,2024-04-18 00:06:03.988
4428000,0.5964,0,2024-04-18 00:06:03.988
4427000,12.1306,0,2024-04-18 00:06:03.988
4434000,3,1,2024-04-18 00:06:03.988
4435000,3.8788,1,2024-04-18 00:06:03.988
4436000,45.4346,1,2024-04-18 00:06:03.988
4437000,10.0349,1,2024-04-18 00:06:03.988
4438000,1,1,2024-04-18 00:06:03.988
4430000,3.1168,0,2024-04-18 00:06:09.143
4429000,0.228,0,2024-04-18 00:06:09.143
4428000,0.6988,0,2024-04-18 00:06:09.143
4427000,12.1306,0,2024-04-18 00:06:09.143
4426000,18.0451,0,2024-04-18 00:06:09.143
4434000,3.5137,1,2024-04-18 00:06:09.143
4435000,18.8788,1,2024-04-18 00:06:09.143
4436000,4,1,2024-04-18 00:06:09.143
4437000,13.6227,1,2024-04-18 00:06:09.143
4438000,27.853,1,2024-04-18 00:06:09.143
4430000,32.2478,0,2024-04-18 00:06:14.296
4429000,3.228,0,2024-04-18 00:06:14.296
4428000,4.5967,0,2024-04-18 00:06:14.296
4427000,5.0169,0,2024-04-18 00:06:14.296
4426000,4.0451,0,2024-04-18 00:06:14.296
4437000,8.9327,1,2024-04-18 00:06:14.296
4438000,3,1,2024-04-18 00:06:14.296
4439000,16,1,2024-04-18 00:06:14.296
4440000,1,1,2024-04-18 00:06:14.296
4441000,1.4521,1,2024-04-18 00:06:14.296
4434000,4.3474,0,2024-04-18 00:06:19.546
4433000,18,0,2024-04-18 00:06:19.546
4432000,4.1022,0,2024-04-18 00:06:19.546
4431000,4,0,2024-04-18 00:06:19.546
4430000,18.188,0,2024-04-18 00:06:19.546
4437000,8.916,1,2024-04-18 00:06:19.546
4442000,18.2656,1,2024-04-18 00:06:19.546
4443000,1,1,2024-04-18 00:06:19.546
4444000,27.8275,1,2024-04-18 00:06:19.546
4445000,1.451,1,2024-04-18 00:06:19.546
4434000,0.0172,0,2024-04-18 00:06:24.867
4433000,11.1404,0,2024-04-18 00:06:24.867
4432000,3.1022,0,2024-04-18 00:06:24.867
4431000,3,0,2024-04-18 00:06:24.867
4430000,10.6933,0,2024-04-18 00:06:24.867
4437000,0.9817,1,2024-04-18 00:06:24.867
4441000,19.4313,1,2024-04-18 00:06:24.867
4442000,4.6947,1,2024-04-18 00:06:24.867
4443000,4.784,1,2024-04-18 00:06:24.867
4444000,5.016,1,2024-04-18 00:06:24.867
4434000,0.0136,0,2024-04-18 00:06:30.036
4430000,14.1588,0,2024-04-18 00:06:30.036
4429000,0.228,0,2024-04-18 00:06:30.036
4428000,3.9276,0,2024-04-18 00:06:30.036
4427000,20.0169,0,2024-04-18 00:06:30.036
4435000,2.6625,1,2024-04-18 00:06:30.036
4437000,20.4028,1,2024-04-18 00:06:30.036
4438000,6.6819,1,2024-04-18 00:06:30.036
4439000,1.7586,1,2024-04-18 00:06:30.036
4440000,1.4385,1,2024-04-18 00:06:30.036
4434000,1.8179,0,2024-04-18 00:06:35.130
4430000,3.0033,0,2024-04-18 00:06:35.130
4429000,0.228,0,2024-04-18 00:06:35.130
4428000,11.4003,0,2024-04-18 00:06:35.130
4427000,18.6329,0,2024-04-18 00:06:35.130
4436000,19.4239,1,2024-04-18 00:06:35.130
4437000,5.4282,1,2024-04-18 00:06:35.130
4438000,4,1,2024-04-18 00:06:35.130
4439000,6.2487,1,2024-04-18 00:06:35.130
4440000,1.4385,1,2024-04-18 00:06:35.130
4430000,5.252,0,2024-04-18 00:06:40.244
4429000,0.3302,0,2024-04-18 00:06:40.244
4428000,0.2376,0,2024-04-18 00:06:40.244
4427000,15.4946,0,2024-04-18 00:06:40.244
4426000,18.4045,0,2024-04-18 00:06:40.244
4434000,3,1,2024-04-18 00:06:40.244
4436000,45.4616,1,2024-04-18 00:06:40.244
4437000,4.9817,1,2024-04-18 00:06:40.244
4438000,4.4218,1,2024-04-18 00:06:40.244
4439000,1,1,2024-04-18 00:06:40.244
4431000,1.3498,0,2024-04-18 00:06:45.388
4430000,5.252,0,2024-04-18 00:06:45.388
4429000,0.3302,0,2024-04-18 00:06:45.388
4428000,0.2376,0,2024-04-18 00:06:45.388
4427000,19.1846,0,2024-04-18 00:06:45.388
4434000,3,1,2024-04-18 00:06:45.388
4436000,45.4616,1,2024-04-18 00:06:45.388
4437000,4.9817,1,2024-04-18 00:06:45.388
4438000,4.4218,1,2024-04-18 00:06:45.388
4439000,1,1,2024-04-18 00:06:45.388
4431000,1.3492,0,2024-04-18 00:06:50.486
4430000,20.2756,0,2024-04-18 00:06:50.486
4429000,3.3302,0,2024-04-18 00:06:50.486
4428000,4.2827,0,2024-04-18 00:06:50.486
4427000,23.1846,0,2024-04-18 00:06:50.486
4437000,3.9817,1,2024-04-18 00:06:50.486
4438000,19,1,2024-04-18 00:06:50.486
4439000,30.5776,1,2024-04-18 00:06:50.486
4440000,5.1285,1,2024-04-18 00:06:50.486
4442000,3.9556,1,2024-04-18 00:06:50.486
4434000,0.0022,0,2024-04-18 00:06:55.606
4433000,1.3489,0,2024-04-18 00:06:55.606
4432000,3.69,0,2024-04-18 00:06:55.606
4431000,28.446,0,2024-04-18 00:06:55.606
4430000,8.2756,0,2024-04-18 00:06:55.606
4437000,0.9817,1,2024-04-18 00:06:55.606
4438000,3,1,2024-04-18 00:06:55.606
4439000,45.1468,1,2024-04-18 00:06:55.606
4440000,4,1,2024-04-18 00:06:55.606
4441000,1,1,2024-04-18 00:06:55.606
4430000,17.8217,0,2024-04-18 00:07:00.728
4429000,6.918,0,2024-04-18 00:07:00.728
4428000,18.2827,0,2024-04-18 00:07:00.728
4427000,4.6329,0,2024-04-18 00:07:00.728
4426000,4.4041,0,2024-04-18 00:07:00.728
4437000,18.9817,1,2024-04-18 00:07:00.728
4438000,4,1,2024-04-18 00:07:00.728
4439000,30.5776,1,2024-04-18 00:07:00.728
4440000,4,1,2024-04-18 00:07:00.728
4441000,1.4253,1,2024-04-18 00:07:00.728
4433000,0.1154,0,2024-04-18 00:07:05.799
4432000,13.3095,0,2024-04-18 00:07:05.799
4431000,20.2487,0,2024-04-18 00:07:05.799
4430000,7.1381,0,2024-04-18 00:07:05.799
4429000,4.4155,0,2024-04-18 00:07:05.799
4434000,3,1,2024-04-18 00:07:05.799
4437000,0.9817,1,2024-04-18 00:07:05.799
4439000,3,1,2024-04-18 00:07:05.799
4440000,33.5937,1,2024-04-18 00:07:05.799
4441000,4.4364,1,2024-04-18 00:07:05.799
4430000,5.2946,0,2024-04-18 00:07:10.888
4429000,0.228,0,2024-04-18 00:07:10.888
4428000,0.2827,0,2024-04-18 00:07:10.888
4427000,13.9767,0,2024-04-18 00:07:10.888
4426000,15.0451,0,2024-04-18 00:07:10.888
4435000,19,1,2024-04-18 00:07:10.888
4436000,4.4409,1,2024-04-18 00:07:10.888
4437000,5.4071,1,2024-04-18 00:07:10.888
4438000,2.6816,1,2024-04-18 00:07:10.888
4439000,1.3579,1,2024-04-18 00:07:10.888
4430000,5.1966,0,2024-04-18 00:07:16.037
4429000,1.6803,0,2024-04-18 00:07:16.037
4428000,0.2827,0,2024-04-18 00:07:16.037
4427000,31.9767,0,2024-04-18 00:07:16.037
4426000,4.0451,0,2024-04-18 00:07:16.037
4435000,3,1,2024-04-18 00:07:16.037
4436000,19.451,1,2024-04-18 00:07:16.037
4437000,5.4221,1,2024-04-18 00:07:16.037
4439000,1.4434,1,2024-04-18 00:07:16.037
4440000,16.365,1,2024-04-18 00:07:16.037
4435000,1.3479,0,2024-04-18 00:07:56.451
4434000,16.3329,0,2024-04-18 00:07:56.451
4433000,19.1022,0,2024-04-18 00:07:56.451
4432000,6.2471,0,2024-04-18 00:07:56.451
4431000,4,0,2024-04-18 00:07:56.451
4437000,0.6676,1,2024-04-18 00:07:56.451
4441000,0.5169,1,2024-04-18 00:07:56.451
4442000,32.8964,1,2024-04-18 00:07:56.451
4443000,4.451,1,2024-04-18 00:07:56.451
4444000,4.4426,1,2024-04-18 00:07:56.451
4437000,2.2681,0,2024-04-18 00:08:01.566
4436000,1.3477,0,2024-04-18 00:08:01.566
4435000,15.9876,0,2024-04-18 00:08:01.566
4434000,4,0,2024-04-18 00:08:01.566
4433000,19.3,0,2024-04-18 00:08:01.566
4441000,0.5169,1,2024-04-18 00:08:01.566
4442000,15.2656,1,2024-04-18 00:08:01.566
4443000,3,1,2024-04-18 00:08:01.566
4444000,30.5756,1,2024-04-18 00:08:01.566
4445000,4,1,2024-04-18 00:08:01.566
4436000,3,0,2024-04-18 00:08:06.729
4435000,16.9876,0,2024-04-18 00:08:06.729
4434000,4,0,2024-04-18 00:08:06.729
4433000,1.3011,0,2024-04-18 00:08:06.729
4432000,0.2401,0,2024-04-18 00:08:06.729
4442000,15.2656,1,2024-04-18 00:08:06.729
4443000,0.4315,1,2024-04-18 00:08:06.729
4444000,3.42,1,2024-04-18 00:08:06.729
4445000,4.4364,1,2024-04-18 00:08:06.729
4446000,4.4351,1,2024-04-18 00:08:06.729
4436000,0.3899,0,2024-04-18 00:08:11.848
4435000,0.1733,0,2024-04-18 00:08:11.848
4433000,13.1865,0,2024-04-18 00:08:11.848
4432000,6.3863,0,2024-04-18 00:08:11.848
4431000,3,0,2024-04-18 00:08:11.848
4439000,18.4225,1,2024-04-18 00:08:11.848
4440000,3.4399,1,2024-04-18 00:08:11.848
4441000,5.5475,1,2024-04-18 00:08:11.848
4442000,3.6999,1,2024-04-18 00:08:11.848
4443000,1,1,2024-04-18 00:08:11.848
4437000,1.7973,0,2024-04-18 00:08:17.077
4436000,2.3458,0,2024-04-18 00:08:17.077
4435000,3.6212,0,2024-04-18 00:08:17.077
4434000,19.4427,0,2024-04-18 00:08:17.077
4433000,17.6149,0,2024-04-18 00:08:17.077
4441000,2.2431,1,2024-04-18 00:08:17.077
4442000,15.2656,1,2024-04-18 00:08:17.077
4443000,3,1,2024-04-18 00:08:17.077
4444000,4.4273,1,2024-04-18 00:08:17.077
4445000,4,1,2024-04-18 00:08:17.077
4439000,14.2548,0,2024-04-18 00:08:22.281
4438000,3,0,2024-04-18 00:08:22.281
4437000,0.2792,0,2024-04-18 00:08:22.281
4436000,19.1022,0,2024-04-18 00:08:22.281
4435000,4.6254,0,2024-04-18 00:08:22.281
4440000,0.059,1,2024-04-18 00:08:22.281
4441000,1.6052,1,2024-04-18 00:08:22.281
4442000,0.2656,1,2024-04-18 00:08:22.281
4444000,15,1,2024-04-18 00:08:22.281
4445000,17.5932,1,2024-04-18 00:08:22.281
4438000,0.0381,0,2024-04-18 00:08:27.401
4437000,0.2792,0,2024-04-18 00:08:27.401
4436000,4.3477,0,2024-04-18 00:08:27.401
4435000,31.9876,0,2024-04-18 00:08:27.401
4434000,4,0,2024-04-18 00:08:27.401
4441000,1.0262,1,2024-04-18 00:08:27.401
4442000,0.7076,1,2024-04-18 00:08:27.401
4443000,0.434,1,2024-04-18 00:08:27.401
4444000,3,1,2024-04-18 00:08:27.401
4445000,18.5932,1,2024-04-18 00:08:27.401
4440000,0.4351,0,2024-04-18 00:08:32.535
4439000,0.0112,0,2024-04-18 00:08:32.535
4438000,0.0381,0,2024-04-18 00:08:32.535
4437000,0.2792,0,2024-04-18 00:08:32.535
4436000,3.0022,0,2024-04-18 00:08:32.535
4441000,11.4504,1,2024-04-18 00:08:32.535
4442000,15.2656,1,2024-04-18 00:08:32.535
4443000,0.434,1,2024-04-18 00:08:32.535
4444000,3,1,2024-04-18 00:08:32.535
4445000,19.0456,1,2024-04-18 00:08:32.535
4440000,0.1677,0,2024-04-18 00:08:37.689
4438000,3.0381,0,2024-04-18 00:08:37.689
4437000,4.2804,0,2024-04-18 00:08:37.689
4436000,19.1044,0,2024-04-18 00:08:37.689
4435000,16.8854,0,2024-04-18 00:08:37.689
4441000,10.8791,1,2024-04-18 00:08:37.689
4442000,0.2656,1,2024-04-18 00:08:37.689
4443000,0.4266,1,2024-04-18 00:08:37.689
4444000,15.4249,1,2024-04-18 00:08:37.689
4445000,0.4524,1,2024-04-18 00:08:37.689
4440000,0.1677,0,2024-04-18 00:08:42.938
4439000,12.8854,0,2024-04-18 00:08:42.938
4438000,3.0381,0,2024-04-18 00:08:42.938
4437000,4.2804,0,2024-04-18 00:08:42.938
4436000,19.1044,0,2024-04-18 00:08:42.938
4441000,10,1,2024-04-18 00:08:42.938
4442000,0.2656,1,2024-04-18 00:08:42.938
4443000,0.4253,1,2024-04-18 00:08:42.938
4444000,15.4249,1,2024-04-18 00:08:42.938
4445000,0.4524,1,2024-04-18 00:08:42.938
4438000,0.0381,0,2024-04-18 00:08:48.035
4437000,8.3163,0,2024-04-18 00:08:48.035
4436000,4.1044,0,2024-04-18 00:08:48.035
4435000,19,0,2024-04-18 00:08:48.035
4434000,4,0,2024-04-18 00:08:48.035
4441000,9.4418,1,2024-04-18 00:08:48.035
4442000,0.2656,1,2024-04-18 00:08:48.035
4444000,15.4249,1,2024-04-18 00:08:48.035
4445000,3.4524,1,2024-04-18 00:08:48.035
4446000,29.1392,1,2024-04-18 00:08:48.035
4438000,1.3859,0,2024-04-18 00:08:53.134
4437000,9.3163,0,2024-04-18 00:08:53.134
4436000,4.1044,0,2024-04-18 00:08:53.134
4435000,19,0,2024-04-18 00:08:53.134
4434000,4,0,2024-04-18 00:08:53.134
4441000,9.4418,1,2024-04-18 00:08:53.134
4442000,0.6912,1,2024-04-18 00:08:53.134
4443000,0.45,1,2024-04-18 00:08:53.134
4444000,15.4249,1,2024-04-18 00:08:53.134
4445000,29.6166,1,2024-04-18 00:08:53.134
4439000,0.0519,0,2024-04-18 00:08:58.235
4438000,0.0255,0,2024-04-18 00:08:58.235
4437000,9.3163,0,2024-04-18 00:08:58.235
4436000,4.1044,0,2024-04-18 00:08:58.235
4435000,19,0,2024-04-18 00:08:58.235
4441000,9.0106,1,2024-04-18 00:08:58.235
4442000,0.2656,1,2024-04-18 00:08:58.235
4444000,15.4249,1,2024-04-18 00:08:58.235
4445000,29.6166,1,2024-04-18 00:08:58.235
4446000,3,1,2024-04-18 00:08:58.235
4439000,0.0519,0,2024-04-18 00:09:03.329
4438000,0.0255,0,2024-04-18 00:09:03.329
4437000,9.3369,0,2024-04-18 00:09:03.329
4436000,4.1044,0,2024-04-18 00:09:03.329
4435000,4,0,2024-04-18 00:09:03.329
4441000,9.0141,1,2024-04-18 00:09:03.329
4442000,15.7044,1,2024-04-18 00:09:03.329
4444000,0.4353,1,2024-04-18 00:09:03.329
4445000,29.6166,1,2024-04-18 00:09:03.329
4446000,4,1,2024-04-18 00:09:03.329
4437000,1.2804,0,2024-04-18 00:09:08.428
4436000,0.0022,0,2024-04-18 00:09:08.428
4435000,1.3029,0,2024-04-18 00:09:08.428
4434000,5.0599,0,2024-04-18 00:09:08.428
4433000,3.0011,0,2024-04-18 00:09:08.428
4439000,0.4364,1,2024-04-18 00:09:08.428
4440000,42.0077,1,2024-04-18 00:09:08.428
4441000,12.0728,1,2024-04-18 00:09:08.428
4442000,4.7044,1,2024-04-18 00:09:08.428
4443000,3,1,2024-04-18 00:09:08.428
4437000,0.0916,0,2024-04-18 00:09:13.545
4436000,0.0033,0,2024-04-18 00:09:13.545
4435000,0.0225,0,2024-04-18 00:09:13.545
4434000,5.1621,0,2024-04-18 00:09:13.545
4433000,3.4378,0,2024-04-18 00:09:13.545
4440000,39.6635,1,2024-04-18 00:09:13.545
4441000,12.0728,1,2024-04-18 00:09:13.545
4442000,4.7044,1,2024-04-18 00:09:13.545
4443000,3,1,2024-04-18 00:09:13.545
4444000,4,1,2024-04-18 00:09:13.545
4435000,0.0225,0,2024-04-18 00:09:18.672
4434000,2.2466,0,2024-04-18 00:09:18.672
4433000,0.0011,0,2024-04-18 00:09:18.672
4432000,0.1022,0,2024-04-18 00:09:18.672
4431000,3.0872,0,2024-04-18 00:09:18.672
4436000,0.0507,1,2024-04-18 00:09:18.672
4439000,18.4273,1,2024-04-18 00:09:18.672
4440000,18.6635,1,2024-04-18 00:09:18.672
4441000,13.0728,1,2024-04-18 00:09:18.672
4442000,4.2656,1,2024-04-18 00:09:18.672
4435000,2.2686,0,2024-04-18 00:09:23.779
4433000,1.3504,0,2024-04-18 00:09:23.779
4432000,3.1022,0,2024-04-18 00:09:23.779
4431000,19.0872,0,2024-04-18 00:09:23.779
4430000,13.8132,0,2024-04-18 00:09:23.779
4439000,0.5203,1,2024-04-18 00:09:23.779
4440000,25.6174,1,2024-04-18 00:09:23.779
4441000,12.0728,1,2024-04-18 00:09:23.779
4442000,4.2656,1,2024-04-18 00:09:23.779
4443000,3,1,2024-04-18 00:09:23.779
4436000,1.3485,0,2024-04-18 00:09:28.919
4435000,0.0183,0,2024-04-18 00:09:28.919
4434000,2.2466,0,2024-04-18 00:09:28.919
4433000,18.4518,0,2024-04-18 00:09:28.919
4432000,4.5438,0,2024-04-18 00:09:28.919
4437000,0.0056,1,2024-04-18 00:09:28.919
4439000,0.0703,1,2024-04-18 00:09:28.919
4440000,7.1751,1,2024-04-18 00:09:28.919
4441000,27.0599,1,2024-04-18 00:09:28.919
4442000,3.7173,1,2024-04-18 00:09:28.919
4435000,0.007,0,2024-04-18 00:09:34.021
4434000,6.4752,0,2024-04-18 00:09:34.021
4433000,5.6724,0,2024-04-18 00:09:34.021
4432000,8.2119,0,2024-04-18 00:09:34.021
4431000,19.5253,0,2024-04-18 00:09:34.021
4436000,6.8314,1,2024-04-18 00:09:34.021
4437000,0.0056,1,2024-04-18 00:09:34.021
4439000,0.0703,1,2024-04-18 00:09:34.021
4440000,7.1751,1,2024-04-18 00:09:34.021
4441000,27.0627,1,2024-04-18 00:09:34.021
4436000,0.2678,0,2024-04-18 00:09:39.131
4435000,6.4765,0,2024-04-18 00:09:39.131
4434000,3.4298,0,2024-04-18 00:09:39.131
4433000,21.6953,0,2024-04-18 00:09:39.131
4432000,7.7922,0,2024-04-18 00:09:39.131
4437000,0.0056,1,2024-04-18 00:09:39.131
4439000,0.0703,1,2024-04-18 00:09:39.131
4440000,7.1751,1,2024-04-18 00:09:39.131
4441000,23.5721,1,2024-04-18 00:09:39.131
4442000,3.2656,1,2024-04-18 00:09:39.131
4436000,0.4494,0,2024-04-18 00:09:44.242
4435000,0.007,0,2024-04-18 00:09:44.242
4434000,2.2466,0,2024-04-18 00:09:44.242
4433000,19.5786,0,2024-04-18 00:09:44.242
4432000,8.6042,0,2024-04-18 00:09:44.242
4437000,0.0056,1,2024-04-18 00:09:44.242
4439000,0.0703,1,2024-04-18 00:09:44.242
4440000,22.6049,1,2024-04-18 00:09:44.242
4441000,12.0196,1,2024-04-18 00:09:44.242
4442000,3.7076,1,2024-04-18 00:09:44.242
4435000,0.007,0,2024-04-18 00:09:49.361
4434000,2.2466,0,2024-04-18 00:09:49.361
4433000,12.8886,0,2024-04-18 00:09:49.361
4432000,3.1022,0,2024-04-18 00:09:49.361
4431000,19.0872,0,2024-04-18 00:09:49.361
4437000,0.0056,1,2024-04-18 00:09:49.361
4439000,0.5022,1,2024-04-18 00:09:49.361
4440000,25.6049,1,2024-04-18 00:09:49.361
4441000,12.0196,1,2024-04-18 00:09:49.361
4442000,4.6234,1,2024-04-18 00:09:49.361
4433000,0,0,2024-04-18 00:09:54.479
4431000,0.0872,0,2024-04-18 00:09:54.479
4430000,6.6686,0,2024-04-18 00:09:54.479
4429000,19.7751,0,2024-04-18 00:09:54.479
4428000,19.2601,0,2024-04-18 00:09:54.479
4435000,0.4437,1,2024-04-18 00:09:54.479
4436000,10.308,1,2024-04-18 00:09:54.479
4437000,20.436,1,2024-04-18 00:09:54.479
4438000,4,1,2024-04-18 00:09:54.479
4439000,3.5022,1,2024-04-18 00:09:54.479
4433000,0,0,2024-04-18 00:09:59.586
4431000,3.6842,0,2024-04-18 00:09:59.586
4430000,3.0714,0,2024-04-18 00:09:59.586
4429000,20.2014,0,2024-04-18 00:09:59.586
4428000,19.6861,0,2024-04-18 00:09:59.586
4436000,10,1,2024-04-18 00:09:59.586
4437000,20.436,1,2024-04-18 00:09:59.586
4438000,4,1,2024-04-18 00:09:59.586
4439000,3.5022,1,2024-04-18 00:09:59.586
4440000,11.1751,1,2024-04-18 00:09:59.586
4431000,1.4203,0,2024-04-18 00:10:04.725
4430000,3.0714,0,2024-04-18 00:10:04.725
4429000,16.0851,0,2024-04-18 00:10:04.725
4428000,19.2601,0,2024-04-18 00:10:04.725
4427000,4.0783,0,2024-04-18 00:10:04.725
4436000,8.6774,1,2024-04-18 00:10:04.725
4437000,20.4478,1,2024-04-18 00:10:04.725
4438000,5.6772,1,2024-04-18 00:10:04.725
4439000,4.5022,1,2024-04-18 00:10:04.725
4440000,11.1751,1,2024-04-18 00:10:04.725
4433000,4.349,0,2024-04-18 00:10:09.856
4432000,3.4444,0,2024-04-18 00:10:09.856
4431000,4.0702,0,2024-04-18 00:10:09.856
4430000,9.7624,0,2024-04-18 00:10:09.856
4429000,17.5222,0,2024-04-18 00:10:09.856
4436000,7.5426,1,2024-04-18 00:10:09.856
4437000,2.0114,1,2024-04-18 00:10:09.856
4439000,0.0703,1,2024-04-18 00:10:09.856
4440000,10.1751,1,2024-04-18 00:10:09.856
4441000,12.0071,1,2024-04-18 00:10:09.856
4431000,1.2759,0,2024-04-18 00:10:57.141
4430000,7.1934,0,2024-04-18 00:10:57.141
4429000,4.228,0,2024-04-18 00:10:57.141
4428000,19.7038,0,2024-04-18 00:10:57.141
4427000,2.0703,0,2024-04-18 00:10:57.141
4437000,21.4364,1,2024-04-18 00:10:57.141
4438000,39.0072,1,2024-04-18 00:10:57.141
4439000,3.0634,1,2024-04-18 00:10:57.141
4440000,11.6247,1,2024-04-18 00:10:57.141
4441000,12.5721,1,2024-04-18 00:10:57.141
4432000,0.3,0,2024-04-18 00:11:02.301
4431000,1.2759,0,2024-04-18 00:11:02.301
4430000,5.5434,0,2024-04-18 00:11:02.301
4429000,3.228,0,2024-04-18 00:11:02.301
4428000,19.2601,0,2024-04-18 00:11:02.301
4437000,23.2482,1,2024-04-18 00:11:02.301
4438000,36.7611,1,2024-04-18 00:11:02.301
4439000,4.0634,1,2024-04-18 00:11:02.301
4440000,11.6247,1,2024-04-18 00:11:02.301
4441000,12.5721,1,2024-04-18 00:11:02.301
4433000,0.0095,0,2024-04-18 00:11:07.456
4432000,0.3,0,2024-04-18 00:11:07.456
4431000,1.2759,0,2024-04-18 00:11:07.456
4430000,2.945,0,2024-04-18 00:11:07.456
4429000,1.5786,0,2024-04-18 00:11:07.456
4435000,0.4489,1,2024-04-18 00:11:07.456
4436000,7.5914,1,2024-04-18 00:11:07.456
4437000,21.4277,1,2024-04-18 00:11:07.456
4438000,37.7611,1,2024-04-18 00:11:07.456
4439000,4.0634,1,2024-04-18 00:11:07.456
4431000,1.2759,0,2024-04-18 00:11:12.586
4430000,2.9405,0,2024-04-18 00:11:12.586
4429000,0.228,0,2024-04-18 00:11:12.586
4428000,0.2601,0,2024-04-18 00:11:12.586
4427000,0.6329,0,2024-04-18 00:11:12.586
4432000,6.0312,1,2024-04-18 00:11:12.586
4433000,15.0224,1,2024-04-18 00:11:12.586
4434000,13.4214,1,2024-04-18 00:11:12.586
4435000,4.4479,1,2024-04-18 00:11:12.586
4436000,3.3459,1,2024-04-18 00:11:12.586
4431000,1.2759,0,2024-04-18 00:11:17.971
4430000,2.9405,0,2024-04-18 00:11:17.971
4429000,0.228,0,2024-04-18 00:11:17.971
4428000,0.2646,0,2024-04-18 00:11:17.971
4427000,0.6329,0,2024-04-18 00:11:17.971
4433000,15.0224,1,2024-04-18 00:11:17.971
4434000,39.2091,1,2024-04-18 00:11:17.971
4435000,5.6779,1,2024-04-18 00:11:17.971
4436000,1.5473,1,2024-04-18 00:11:17.971
4437000,6.4277,1,2024-04-18 00:11:17.971
4431000,1.2736,0,2024-04-18 00:11:23.072
4430000,2.9405,0,2024-04-18 00:11:23.072
4429000,0.228,0,2024-04-18 00:11:23.072
4428000,0.2646,0,2024-04-18 00:11:23.072
4427000,0.6329,0,2024-04-18 00:11:23.072
4432000,32.2298,1,2024-04-18 00:11:23.072
4433000,0.4193,1,2024-04-18 00:11:23.072
4434000,28.4183,1,2024-04-18 00:11:23.072
4435000,4.4333,1,2024-04-18 00:11:23.072
4436000,1.5473,1,2024-04-18 00:11:23.072
4429000,0.2097,0,2024-04-18 00:11:28.172
4428000,0.2601,0,2024-04-18 00:11:28.172
4427000,0.6329,0,2024-04-18 00:11:28.172
4426000,3.4926,0,2024-04-18 00:11:28.172
4425000,20.4349,0,2024-04-18 00:11:28.172
4430000,9.3671,1,2024-04-18 00:11:28.172
4431000,25.4862,1,2024-04-18 00:11:28.172
4433000,2.3459,1,2024-04-18 00:11:28.172
4434000,28,1,2024-04-18 00:11:28.172
4435000,4,1,2024-04-18 00:11:28.172
4429000,0.2097,0,2024-04-18 00:11:33.307
4428000,0.2601,0,2024-04-18 00:11:33.307
4427000,2.8826,0,2024-04-18 00:11:33.307
4426000,3.0496,0,2024-04-18 00:11:33.307
4425000,20.4349,0,2024-04-18 00:11:33.307
4430000,9.4707,1,2024-04-18 00:11:33.307
4432000,2.2502,1,2024-04-18 00:11:33.307
4433000,43.5643,1,2024-04-18 00:11:33.307
4434000,13.4385,1,2024-04-18 00:11:33.307
4435000,4.435,1,2024-04-18 00:11:33.307
4427000,0.5352,0,2024-04-18 00:11:38.423
4426000,0.0451,0,2024-04-18 00:11:38.423
4425000,2.2155,0,2024-04-18 00:11:38.423
4423000,0.2377,0,2024-04-18 00:11:38.423
4422000,2.4321,0,2024-04-18 00:11:38.423
4428000,6.2598,1,2024-04-18 00:11:38.423
4430000,25.4167,1,2024-04-18 00:11:38.423
4431000,4,1,2024-04-18 00:11:38.423
4432000,4.5337,1,2024-04-18 00:11:38.423
4433000,3,1,2024-04-18 00:11:38.423
4427000,0.5352,0,2024-04-18 00:11:43.545
4426000,0.0451,0,2024-04-18 00:11:43.545
4425000,2.2155,0,2024-04-18 00:11:43.545
4424000,0.5539,0,2024-04-18 00:11:43.545
4423000,3.6616,0,2024-04-18 00:11:43.545
4428000,6.3269,1,2024-04-18 00:11:43.545
4430000,35.4695,1,2024-04-18 00:11:43.545
4431000,18.1024,1,2024-04-18 00:11:43.545
4432000,4.4329,1,2024-04-18 00:11:43.545
4433000,3,1,2024-04-18 00:11:43.545
4422000,2.4332,0,2024-04-18 00:11:48.667
4421000,1.1951,0,2024-04-18 00:11:48.667
4420000,3.137,0,2024-04-18 00:11:48.667
4419000,0.0157,0,2024-04-18 00:11:48.667
4418000,1.0487,0,2024-04-18 00:11:48.667
4423000,5.7622,1,2024-04-18 00:11:48.667
4424000,0.4319,1,2024-04-18 00:11:48.667
4425000,19.4374,1,2024-04-18 00:11:48.667
4426000,4.9122,1,2024-04-18 00:11:48.667
4427000,7.2887,1,2024-04-18 00:11:48.667
4424000,1.3527,0,2024-04-18 00:11:53.767
4423000,0.451,0,2024-04-18 00:11:53.767
4422000,2.358,0,2024-04-18 00:11:53.767
4421000,4.7323,0,2024-04-18 00:11:53.767
4420000,24.7488,0,2024-04-18 00:11:53.767
4427000,0.0291,1,2024-04-18 00:11:53.767
4428000,6.2475,1,2024-04-18 00:11:53.767
4430000,21.3548,1,2024-04-18 00:11:53.767
4431000,4.451,1,2024-04-18 00:11:53.767
4432000,1,1,2024-04-18 00:11:53.767
4425000,0.4183,0,2024-04-18 00:11:58.865
4424000,4.7902,0,2024-04-18 00:11:58.865
4423000,4.5532,0,2024-04-18 00:11:58.865
4422000,23.6102,0,2024-04-18 00:11:58.865
4421000,5.1951,0,2024-04-18 00:11:58.865
4427000,0.0291,1,2024-04-18 00:11:58.865
4428000,6.2475,1,2024-04-18 00:11:58.865
4430000,2.3548,1,2024-04-18 00:11:58.865
4431000,18,1,2024-04-18 00:11:58.865
4432000,3,1,2024-04-18 00:11:58.865
4423000,0.451,0,2024-04-18 00:12:03.955
4422000,4.931,0,2024-04-18 00:12:03.955
4421000,31.4249,0,2024-04-18 00:12:03.955
4420000,7.5515,0,2024-04-18 00:12:03.955
4419000,1.0157,0,2024-04-18 00:12:03.955
4427000,0.2113,1,2024-04-18 00:12:03.955
4428000,6.2475,1,2024-04-18 00:12:03.955
4430000,20.3548,1,2024-04-18 00:12:03.955
4431000,3.4305,1,2024-04-18 00:12:03.955
4432000,4.4468,1,2024-04-18 00:12:03.955
4423000,0.45,0,2024-04-18 00:12:09.085
4422000,2.7146,0,2024-04-18 00:12:09.085
4421000,15.1675,0,2024-04-18 00:12:09.085
4420000,24.8047,0,2024-04-18 00:12:09.085
4419000,4.0157,0,2024-04-18 00:12:09.085
4426000,5,1,2024-04-18 00:12:09.085
4427000,0.2113,1,2024-04-18 00:12:09.085
4428000,21.2475,1,2024-04-18 00:12:09.085
4429000,3,1,2024-04-18 00:12:09.085
4430000,6.3548,1,2024-04-18 00:12:09.085
4420000,3.137,0,2024-04-18 00:12:14.192
4419000,0.0557,0,2024-04-18 00:12:14.192
4418000,1.0467,0,2024-04-18 00:12:14.192
4417000,0.2757,0,2024-04-18 00:12:14.192
4416000,2.8646,0,2024-04-18 00:12:14.192
4421000,20.2647,1,2024-04-18 00:12:14.192
4422000,5.6921,1,2024-04-18 00:12:14.192
4423000,8.5625,1,2024-04-18 00:12:14.192
4424000,4,1,2024-04-18 00:12:14.192
4425000,1,1,2024-04-18 00:12:14.192
4419000,0.0557,0,2024-04-18 00:12:19.291
4418000,1.0467,0,2024-04-18 00:12:19.291
4417000,0.1735,0,2024-04-18 00:12:19.291
4416000,1.6117,0,2024-04-18 00:12:19.291
4415000,0.1902,0,2024-04-18 00:12:19.291
4421000,8.5345,1,2024-04-18 00:12:19.291
4422000,15.4364,1,2024-04-18 00:12:19.291
4423000,6.3073,1,2024-04-18 00:12:19.291
4424000,4,1,2024-04-18 00:12:19.291
4425000,1,1,2024-04-18 00:12:19.291
4418000,0.7966,0,2024-04-18 00:12:24.388
4417000,0.1735,0,2024-04-18 00:12:24.388
4416000,2.8647,0,2024-04-18 00:12:24.388
4415000,0.2924,0,2024-04-18 00:12:24.388
4414000,18.4499,0,2024-04-18 00:12:24.388
4421000,2.8021,1,2024-04-18 00:12:24.388
4422000,15,1,2024-04-18 00:12:24.388
4423000,6.3073,1,2024-04-18 00:12:24.388
4424000,4,1,2024-04-18 00:12:24.388
4425000,1,1,2024-04-18 00:12:24.388
4419000,0.1022,0,2024-04-18 00:12:29.516
4418000,18.7977,0,2024-04-18 00:12:29.516
4417000,4.1735,0,2024-04-18 00:12:29.516
4416000,9.1995,0,2024-04-18 00:12:29.516
4415000,14.1902,0,2024-04-18 00:12:29.516
4426000,5.3689,1,2024-04-18 00:12:29.516
4427000,18.9766,1,2024-04-18 00:12:29.516
4428000,12.9339,1,2024-04-18 00:12:29.516
4429000,4.4256,1,2024-04-18 00:12:29.516
4430000,4.69,1,2024-04-18 00:12:29.516
4421000,1.3535,0,2024-04-18 00:12:34.780
4420000,0.0011,0,2024-04-18 00:12:34.780
4419000,18.1933,0,2024-04-18 00:12:34.780
4418000,4.8045,0,2024-04-18 00:12:34.780
4417000,4.5332,0,2024-04-18 00:12:34.780
4427000,18.3576,1,2024-04-18 00:12:34.780
4428000,10.6912,1,2024-04-18 00:12:34.780
4429000,4.4256,1,2024-04-18 00:12:34.780
4430000,4,1,2024-04-18 00:12:34.780
4431000,1.435,1,2024-04-18 00:12:34.780
4422000,0.0011,0,2024-04-18 00:12:39.974
4421000,0.0111,0,2024-04-18 00:12:39.974
4420000,0.2265,0,2024-04-18 00:12:39.974
4419000,0.0911,0,2024-04-18 00:12:39.974
4418000,0.9067,0,2024-04-18 00:12:39.974
4424000,3,1,2024-04-18 00:12:39.974
4425000,18.4312,1,2024-04-18 00:12:39.974
4426000,4.4179,1,2024-04-18 00:12:39.974
4427000,4.3576,1,2024-04-18 00:12:39.974
4428000,14.0729,1,2024-04-18 00:12:39.974
4419000,15.01,0,2024-04-18 00:12:45.156
4418000,0.7679,0,2024-04-18 00:12:45.156
4417000,3.2757,0,2024-04-18 00:12:45.156
4416000,6.7173,0,2024-04-18 00:12:45.156
4415000,27.3425,0,2024-04-18 00:12:45.156
4422000,0.1988,1,2024-04-18 00:12:45.156
4425000,3,1,2024-04-18 00:12:45.156
4426000,21.6726,1,2024-04-18 00:12:45.156
4427000,4.3576,1,2024-04-18 00:12:45.156
4428000,10.7055,1,2024-04-18 00:12:45.156
4419000,0.1133,0,2024-04-18 00:12:50.300
4418000,0.7679,0,2024-04-18 00:12:50.300
4417000,4.1735,0,2024-04-18 00:12:50.300
4416000,6.7173,0,2024-04-18 00:12:50.300
4415000,24.3425,0,2024-04-18 00:12:50.300
4425000,3.4423,1,2024-04-18 00:12:50.300
4426000,20.3804,1,2024-04-18 00:12:50.300
4427000,6.0413,1,2024-04-18 00:12:50.300
4428000,10.7055,1,2024-04-18 00:12:50.300
4429000,4,1,2024-04-18 00:12:50.300
4419000,0.0111,0,2024-04-18 00:12:55.417
4418000,0.8314,0,2024-04-18 00:12:55.417
4417000,0.1735,0,2024-04-18 00:12:55.417
4416000,20.7173,0,2024-04-18 00:12:55.417
4415000,14.1902,0,2024-04-18 00:12:55.417
4420000,3.7664,1,2024-04-18 00:12:55.417
4421000,5.4502,1,2024-04-18 00:12:55.417
4422000,0.4221,1,2024-04-18 00:12:55.417
4423000,0.4406,1,2024-04-18 00:12:55.417
4424000,18.4277,1,2024-04-18 00:12:55.417
4419000,0.8425,0,2024-04-18 00:13:00.551
4418000,15.8314,0,2024-04-18 00:13:00.551
4417000,3.1746,0,2024-04-18 00:13:00.551
4416000,5.8194,0,2024-04-18 00:13:00.551
4415000,4.1902,0,2024-04-18 00:13:00.551
4420000,1.2287,1,2024-04-18 00:13:00.551
4421000,5.4502,1,2024-04-18 00:13:00.551
4425000,18,1,2024-04-18 00:13:00.551
4426000,4.4329,1,2024-04-18 00:13:00.551
4427000,3.3565,1,2024-04-18 00:13:00.551
4419000,1.354,0,2024-04-18 00:13:05.824
4418000,3.5492,0,2024-04-18 00:13:05.824
4417000,20.1746,0,2024-04-18 00:13:05.824
4416000,5.6116,0,2024-04-18 00:13:05.824
4415000,4.1902,0,2024-04-18 00:13:05.824
4420000,1.1284,1,2024-04-18 00:13:05.824
4421000,5.4669,1,2024-04-18 00:13:05.824
4426000,18,1,2024-04-18 00:13:05.824
4427000,3,1,2024-04-18 00:13:05.824
4428000,4.4369,1,2024-04-18 00:13:05.824
4418000,0.5492,0,2024-04-18 00:13:10.933
4417000,19.1746,0,2024-04-18 00:13:10.933
4416000,18.6593,0,2024-04-18 00:13:10.933
4415000,14.1902,0,2024-04-18 00:13:10.933
4414000,1.0896,0,2024-04-18 00:13:10.933
4421000,0.0489,1,2024-04-18 00:13:10.933
4424000,15.442,1,2024-04-18 00:13:10.933
4425000,4.9738,1,2024-04-18 00:13:10.933
4426000,0.4319,1,2024-04-18 00:13:10.933
4427000,4.8098,1,2024-04-18 00:13:10.933
4423000,0.4616,0,2024-04-18 00:13:37.302
4422000,30.4603,0,2024-04-18 00:13:37.302
4421000,3.2594,0,2024-04-18 00:13:37.302
4420000,1.5072,0,2024-04-18 00:13:37.302
4419000,11,0,2024-04-18 00:13:37.302
4424000,2.2304,1,2024-04-18 00:13:37.302
4425000,0.0679,1,2024-04-18 00:13:37.302
4427000,0.0113,1,2024-04-18 00:13:37.302
4428000,0.431,1,2024-04-18 00:13:37.302
4429000,15.4357,1,2024-04-18 00:13:37.302
4423000,1.7573,0,2024-04-18 00:13:42.410
4422000,14.1079,0,2024-04-18 00:13:42.410
4421000,3.6189,0,2024-04-18 00:13:42.410
4420000,16.1472,0,2024-04-18 00:13:42.410
4419000,11,0,2024-04-18 00:13:42.410
4424000,1.1975,1,2024-04-18 00:13:42.410
4425000,0.0679,1,2024-04-18 00:13:42.410
4427000,0.0113,1,2024-04-18 00:13:42.410
4428000,0.431,1,2024-04-18 00:13:42.410
4429000,15.4357,1,2024-04-18 00:13:42.410
4423000,13.6301,0,2024-04-18 00:13:47.532
4422000,16.0011,0,2024-04-18 00:13:47.532
4421000,1.3675,0,2024-04-18 00:13:47.532
4420000,1.1472,0,2024-04-18 00:13:47.532
4419000,11,0,2024-04-18 00:13:47.532
4424000,2.094,1,2024-04-18 00:13:47.532
4425000,0,1,2024-04-18 00:13:47.532
4427000,0.0113,1,2024-04-18 00:13:47.532
4428000,0.4526,1,2024-04-18 00:13:47.532
4429000,0.4371,1,2024-04-18 00:13:47.532
4422000,0.0011,0,2024-04-18 00:13:52.654
4421000,9.0785,0,2024-04-18 00:13:52.654
4420000,1.1472,0,2024-04-18 00:13:52.654
4419000,26,0,2024-04-18 00:13:52.654
4418000,5.2404,0,2024-04-18 00:13:52.654
4424000,1.955,1,2024-04-18 00:13:52.654
4425000,0,1,2024-04-18 00:13:52.654
4426000,0.4486,1,2024-04-18 00:13:52.654
4427000,15.5599,1,2024-04-18 00:13:52.654
4428000,0.4526,1,2024-04-18 00:13:52.654
4423000,1.3526,0,2024-04-18 00:13:57.979
4422000,0.0011,0,2024-04-18 00:13:57.979
4421000,5.8825,0,2024-04-18 00:13:57.979
4420000,3.3984,0,2024-04-18 00:13:57.979
4419000,16,0,2024-04-18 00:13:57.979
4424000,1.955,1,2024-04-18 00:13:57.979
4425000,0,1,2024-04-18 00:13:57.979
4427000,15.5599,1,2024-04-18 00:13:57.979
4428000,0.4526,1,2024-04-18 00:13:57.979
4429000,29.4576,1,2024-04-18 00:13:57.979
4422000,0.0011,0,2024-04-18 00:14:03.233
4421000,4.7723,0,2024-04-18 00:14:03.233
4420000,1.5068,0,2024-04-18 00:14:03.233
4419000,16,0,2024-04-18 00:14:03.233
4418000,5.2404,0,2024-04-18 00:14:03.233
4424000,1.2871,1,2024-04-18 00:14:03.233
4425000,0,1,2024-04-18 00:14:03.233
4426000,0.4239,1,2024-04-18 00:14:03.233
4427000,15.5599,1,2024-04-18 00:14:03.233
4428000,0.4526,1,2024-04-18 00:14:03.233
4421000,0.1728,0,2024-04-18 00:14:08.418
4420000,0.3823,0,2024-04-18 00:14:08.418
4419000,2.2522,0,2024-04-18 00:14:08.418
4418000,0.5504,0,2024-04-18 00:14:08.418
4417000,6.9185,0,2024-04-18 00:14:08.418
4423000,9.1803,1,2024-04-18 00:14:08.418
4424000,33.2306,1,2024-04-18 00:14:08.418
4425000,15.5472,1,2024-04-18 00:14:08.418
4426000,3.4239,1,2024-04-18 00:14:08.418
4427000,4.4578,1,2024-04-18 00:14:08.418
4421000,0.0256,0,2024-04-18 00:14:13.538
4420000,1.3766,0,2024-04-18 00:14:13.538
4419000,2.2522,0,2024-04-18 00:14:13.538
4418000,0.9102,0,2024-04-18 00:14:13.538
4417000,6.308,0,2024-04-18 00:14:13.538
4423000,24.1803,1,2024-04-18 00:14:13.538
4424000,32.7831,1,2024-04-18 00:14:13.538
4425000,3.5472,1,2024-04-18 00:14:13.538
4426000,3.4239,1,2024-04-18 00:14:13.538
4427000,4.0113,1,2024-04-18 00:14:13.538
4421000,1,0,2024-04-18 00:14:18.683
4420000,0.4996,0,2024-04-18 00:14:18.683
4419000,22.4481,0,2024-04-18 00:14:18.683
4418000,3.8016,0,2024-04-18 00:14:18.683
4417000,3.618,0,2024-04-18 00:14:18.683
4423000,8.1948,1,2024-04-18 00:14:18.683
4424000,5.3003,1,2024-04-18 00:14:18.683
4425000,0.1021,1,2024-04-18 00:14:18.683
4426000,26.4165,1,2024-04-18 00:14:18.683
4427000,0.431,1,2024-04-18 00:14:18.683
4423000,0.008,0,2024-04-18 00:14:23.784
4420000,1.353,0,2024-04-18 00:14:23.784
4419000,1,0,2024-04-18 00:14:23.784
4418000,17.3491,0,2024-04-18 00:14:23.784
4417000,3.618,0,2024-04-18 00:14:23.784
4424000,5.0252,1,2024-04-18 00:14:23.784
4425000,0.0113,1,2024-04-18 00:14:23.784
4426000,0.4385,1,2024-04-18 00:14:23.784
4427000,17.5231,1,2024-04-18 00:14:23.784
4428000,29.8546,1,2024-04-18 00:14:23.784
4419000,1.3538,0,2024-04-18 00:14:28.917
4418000,0.9951,0,2024-04-18 00:14:28.917
4417000,14.3319,0,2024-04-18 00:14:28.917
4416000,20.5524,0,2024-04-18 00:14:28.917
4415000,1.6029,0,2024-04-18 00:14:28.917
4424000,20.0252,1,2024-04-18 00:14:28.917
4425000,0.1133,1,2024-04-18 00:14:28.917
4426000,3.4385,1,2024-04-18 00:14:28.917
4427000,3.4397,1,2024-04-18 00:14:28.917
4428000,30.4039,1,2024-04-18 00:14:28.917
4419000,3.69,0,2024-04-18 00:14:34.054
4418000,0.5504,0,2024-04-18 00:14:34.054
4417000,3.5367,0,2024-04-18 00:14:34.054
4416000,25.1712,0,2024-04-18 00:14:34.054
4415000,10.9793,0,2024-04-18 00:14:34.054
4423000,0.1783,1,2024-04-18 00:14:34.054
4424000,19.674,1,2024-04-18 00:14:34.054
4425000,0.5323,1,2024-04-18 00:14:34.054
4426000,11.631,1,2024-04-18 00:14:34.054
4427000,4.4397,1,2024-04-18 00:14:34.054
4419000,0.0694,0,2024-04-18 00:14:39.231
4418000,0.9106,0,2024-04-18 00:14:39.231
4417000,5.8671,0,2024-04-18 00:14:39.231
4416000,5.1901,0,2024-04-18 00:14:39.231
4415000,5.5693,0,2024-04-18 00:14:39.231
4423000,0.0546,1,2024-04-18 00:14:39.231
4424000,4.66,1,2024-04-18 00:14:39.231
4425000,5.7845,1,2024-04-18 00:14:39.231
4426000,5.6893,1,2024-04-18 00:14:39.231
4427000,8.1297,1,2024-04-18 00:14:39.231
4418000,0.5504,0,2024-04-18 00:14:44.481
4417000,2.1771,0,2024-04-18 00:14:44.481
4416000,1.8692,0,2024-04-18 00:14:44.481
4415000,3.8802,0,2024-04-18 00:14:44.481
4414000,1.5712,0,2024-04-18 00:14:44.481
4422000,15,1,2024-04-18 00:14:44.481
4423000,3.5874,1,2024-04-18 00:14:44.481
4424000,8.66,1,2024-04-18 00:14:44.481
4425000,4.4303,1,2024-04-18 00:14:44.481
4426000,6.2522,1,2024-04-18 00:14:44.481
4417000,2.1771,0,2024-04-18 00:14:49.637
4416000,1.5548,0,2024-04-18 00:14:49.637
4415000,0.6902,0,2024-04-18 00:14:49.637
4414000,4.6205,0,2024-04-18 00:14:49.637
4413000,5.8325,0,2024-04-18 00:14:49.637
4418000,0.0336,1,2024-04-18 00:14:49.637
4421000,16.9769,1,2024-04-18 00:14:49.637
4422000,9.3888,1,2024-04-18 00:14:49.637
4423000,3.5874,1,2024-04-18 00:14:49.637
4424000,8.66,1,2024-04-18 00:14:49.637
4417000,0.5203,0,2024-04-18 00:14:54.733
4416000,1.9922,0,2024-04-18 00:14:54.733
4415000,9.3168,0,2024-04-18 00:14:54.733
4414000,5.2605,0,2024-04-18 00:14:54.733
4413000,1.3847,0,2024-04-18 00:14:54.733
4423000,15.1566,1,2024-04-18 00:14:54.733
4424000,9.9016,1,2024-04-18 00:14:54.733
4425000,3.4334,1,2024-04-18 00:14:54.733
4426000,6.6872,1,2024-04-18 00:14:54.733
4427000,1.0113,1,2024-04-18 00:14:54.733
4418000,3.69,0,2024-04-18 00:14:59.842
4417000,15.9623,0,2024-04-18 00:14:59.842
4416000,2.9922,0,2024-04-18 00:14:59.842
4415000,5.9872,0,2024-04-18 00:14:59.842
4414000,6.9805,0,2024-04-18 00:14:59.842
4423000,0.0546,1,2024-04-18 00:14:59.842
4424000,19.3246,1,2024-04-18 00:14:59.842
4425000,3.4379,1,2024-04-18 00:14:59.842
4426000,4.435,1,2024-04-18 00:14:59.842
4427000,4.0113,1,2024-04-18 00:14:59.842
4420000,1.3537,0,2024-04-18 00:15:04.961
4417000,16.5203,0,2024-04-18 00:15:04.961
4416000,5.6056,0,2024-04-18 00:15:04.961
4415000,5.6268,0,2024-04-18 00:15:04.961
4414000,1.5618,0,2024-04-18 00:15:04.961
4424000,21.1424,1,2024-04-18 00:15:04.961
4425000,0.5368,1,2024-04-18 00:15:04.961
4426000,5.2537,1,2024-04-18 00:15:04.961
4427000,4.4303,1,2024-04-18 00:15:04.961
4428000,4,1,2024-04-18 00:15:04.961
4417000,0.5203,0,2024-04-18 00:15:10.088
4416000,1.9147,0,2024-04-18 00:15:10.088
4415000,2.4861,0,2024-04-18 00:15:10.088
4414000,0.5653,0,2024-04-18 00:15:10.088
4413000,16.3847,0,2024-04-18 00:15:10.088
4421000,2.3979,1,2024-04-18 00:15:10.088
4422000,20.2552,1,2024-04-18 00:15:10.088
4423000,4.5262,1,2024-04-18 00:15:10.088
4424000,8.6079,1,2024-04-18 00:15:10.088
4425000,4.0113,1,2024-04-18 00:15:10.088
4419000,0.4465,0,2024-04-18 00:15:15.210
4418000,16.805,0,2024-04-18 00:15:15.210
4417000,1.7036,0,2024-04-18 00:15:15.210
4416000,2.9832,0,2024-04-18 00:15:15.210
4415000,5.3802,0,2024-04-18 00:15:15.210
4424000,3.4861,1,2024-04-18 00:15:15.210
4425000,0.1133,1,2024-04-18 00:15:15.210
4427000,18.0113,1,2024-04-18 00:15:15.210
4428000,3,1,2024-04-18 00:15:15.210
4429000,4.4406,1,2024-04-18 00:15:15.210
4417000,16.7036,0,2024-04-18 00:15:20.352
4416000,2.9151,0,2024-04-18 00:15:20.352
4415000,7.1002,0,2024-04-18 00:15:20.352
4414000,1.552,0,2024-04-18 00:15:20.352
4413000,4.0747,0,2024-04-18 00:15:20.352
4424000,3.4861,1,2024-04-18 00:15:20.352
4425000,17.5024,1,2024-04-18 00:15:20.352
4426000,5.6756,1,2024-04-18 00:15:20.352
4427000,4.462,1,2024-04-18 00:15:20.352
4428000,4,1,2024-04-18 00:15:20.352
4421000,1,0,2024-04-18 00:15:25.520
4420000,16.4399,0,2024-04-18 00:15:25.520
4419000,1.4246,0,2024-04-18 00:15:25.520
4418000,3.6739,0,2024-04-18 00:15:25.520
4417000,5.5416,0,2024-04-18 00:15:25.520
4424000,3.9466,1,2024-04-18 00:15:25.520
4425000,0.0113,1,2024-04-18 00:15:25.520
4427000,0.0113,1,2024-04-18 00:15:25.520
4429000,3,1,2024-04-18 00:15:25.520
4430000,3,1,2024-04-18 00:15:25.520
4420000,15,0,2024-04-18 00:15:30.626
4419000,3.2522,0,2024-04-18 00:15:30.626
4418000,1.36,0,2024-04-18 00:15:30.626
4417000,5.1838,0,2024-04-18 00:15:30.626
4416000,5.2448,0,2024-04-18 00:15:30.626
4423000,3.2169,1,2024-04-18 00:15:30.626
4424000,3.924,1,2024-04-18 00:15:30.626
4425000,0.0113,1,2024-04-18 00:15:30.626
4427000,2.0774,1,2024-04-18 00:15:30.626
4428000,0.4493,1,2024-04-18 00:15:30.626
4418000,2.2522,0,2024-04-18 00:15:35.754
4417000,0.6145,0,2024-04-18 00:15:35.754
4416000,16.5548,0,2024-04-18 00:15:35.754
4415000,5.6211,0,2024-04-18 00:15:35.754
4414000,4.8248,0,2024-04-18 00:15:35.754
4423000,0.2206,1,2024-04-18 00:15:35.754
4424000,4.0648,1,2024-04-18 00:15:35.754
4425000,18.0113,1,2024-04-18 00:15:35.754
4426000,4.4427,1,2024-04-18 00:15:35.754
4427000,4.4634,1,2024-04-18 00:15:35.754
4419000,3.69,0,2024-04-18 00:15:40.857
4418000,5.0443,0,2024-04-18 00:15:40.857
4417000,2.5089,0,2024-04-18 00:15:40.857
4416000,16.5548,0,2024-04-18 00:15:40.857
4415000,11.0311,0,2024-04-18 00:15:40.857
4423000,0,1,2024-04-18 00:15:40.857
4424000,6.3788,1,2024-04-18 00:15:40.857
4425000,18.1133,1,2024-04-18 00:15:40.857
4426000,10.3849,1,2024-04-18 00:15:40.857
4427000,4.4634,1,2024-04-18 00:15:40.857
4419000,0.3598,0,2024-04-18 00:15:45.966
4418000,1.354,0,2024-04-18 00:15:45.966
4417000,21.1989,0,2024-04-18 00:15:45.966
4416000,2.5448,0,2024-04-18 00:15:45.966
4415000,5.6211,0,2024-04-18 00:15:45.966
4423000,0,1,2024-04-18 00:15:45.966
4424000,3.9628,1,2024-04-18 00:15:45.966
4425000,17.3675,1,2024-04-18 00:15:45.966
4426000,4,1,2024-04-18 00:15:45.966
4427000,4.4634,1,2024-04-18 00:15:45.966
4441000,0.3578,0,2024-04-18 00:16:44.105
4440000,0.4406,0,2024-04-18 00:16:44.105
4439000,0.7509,0,2024-04-18 00:16:44.105
4438000,17.2401,0,2024-04-18 00:16:44.105
4437000,0.427,0,2024-04-18 00:16:44.105
4447000,16.4304,1,2024-04-18 00:16:44.105
4449000,23.6426,1,2024-04-18 00:16:44.105
4450000,4.5415,1,2024-04-18 00:16:44.105
4451000,4,1,2024-04-18 00:16:44.105
4452000,4,1,2024-04-18 00:16:44.105
4437000,0.1021,0,2024-04-18 00:16:49.221
4436000,0.0225,0,2024-04-18 00:16:49.221
4435000,18.2535,0,2024-04-18 00:16:49.221
4434000,0.4228,0,2024-04-18 00:16:49.221
4432000,0.4465,0,2024-04-18 00:16:49.221
4444000,16.3478,1,2024-04-18 00:16:49.221
4445000,4.4392,1,2024-04-18 00:16:49.221
4446000,4.7814,1,2024-04-18 00:16:49.221
4447000,4,1,2024-04-18 00:16:49.221
4448000,4.4204,1,2024-04-18 00:16:49.221
4438000,15.4367,0,2024-04-18 00:16:54.318
4437000,0.778,0,2024-04-18 00:16:54.318
4436000,0.4575,0,2024-04-18 00:16:54.318
4435000,6.5931,0,2024-04-18 00:16:54.318
4429000,0.0112,0,2024-04-18 00:16:54.318
4439000,0,1,2024-04-18 00:16:54.318
4445000,0.0049,1,2024-04-18 00:16:54.318
4447000,15.0838,1,2024-04-18 00:16:54.318
4448000,0.4204,1,2024-04-18 00:16:54.318
4449000,27.2093,1,2024-04-18 00:16:54.318
4439000,0.0081,0,2024-04-18 00:16:59.456
4436000,15.446,0,2024-04-18 00:16:59.456
4435000,0.6605,0,2024-04-18 00:16:59.456
4434000,1.3477,0,2024-04-18 00:16:59.456
4433000,0.359,0,2024-04-18 00:16:59.456
4444000,15,1,2024-04-18 00:16:59.456
4445000,26.1826,1,2024-04-18 00:16:59.456
4446000,4.4235,1,2024-04-18 00:16:59.456
4447000,6.7534,1,2024-04-18 00:16:59.456
4448000,4.4204,1,2024-04-18 00:16:59.456
4439000,15.0808,0,2024-04-18 00:17:04.548
4438000,0.5361,0,2024-04-18 00:17:04.548
4437000,0.3581,0,2024-04-18 00:17:04.548
4436000,0.4436,0,2024-04-18 00:17:04.548
4435000,0.6648,0,2024-04-18 00:17:04.548
4445000,26.1826,1,2024-04-18 00:17:04.548
4446000,15,1,2024-04-18 00:17:04.548
4447000,4.0838,1,2024-04-18 00:17:04.548
4448000,4.7717,1,2024-04-18 00:17:04.548
4449000,4,1,2024-04-18 00:17:04.548
4439000,0.0865,0,2024-04-18 00:17:09.839
4436000,0.0225,0,2024-04-18 00:17:09.839
4435000,15.5769,0,2024-04-18 00:17:09.839
4434000,0.4416,0,2024-04-18 00:17:09.839
4432000,0.4218,0,2024-04-18 00:17:09.839
4444000,1.348,1,2024-04-18 00:17:09.839
4445000,44.6121,1,2024-04-18 00:17:09.839
4446000,4.4179,1,2024-04-18 00:17:09.839
4447000,6.7703,1,2024-04-18 00:17:09.839
4448000,4.4204,1,2024-04-18 00:17:09.839
4436000,0.0225,0,2024-04-18 00:17:14.964
4435000,16.1266,0,2024-04-18 00:17:14.964
4434000,0.4218,0,2024-04-18 00:17:14.964
4432000,0.4218,0,2024-04-18 00:17:14.964
4430000,0.4646,0,2024-04-18 00:17:14.964
4439000,0.1387,1,2024-04-18 00:17:14.964
4443000,15.0014,1,2024-04-18 00:17:14.964
4444000,4,1,2024-04-18 00:17:14.964
4445000,4.4295,1,2024-04-18 00:17:14.964
4446000,4.4179,1,2024-04-18 00:17:14.964
4436000,0.466,0,2024-04-18 00:17:20.077
4434000,15.3586,0,2024-04-18 00:17:20.077
4433000,0.4249,0,2024-04-18 00:17:20.077
4432000,0.4218,0,2024-04-18 00:17:20.077
4430000,0.4646,0,2024-04-18 00:17:20.077
4439000,2.6824,1,2024-04-18 00:17:20.077
4443000,15.0014,1,2024-04-18 00:17:20.077
4444000,1.7947,1,2024-04-18 00:17:20.077
4445000,4.4295,1,2024-04-18 00:17:20.077
4446000,4.4179,1,2024-04-18 00:17:20.077
4436000,0.2478,0,2024-04-18 00:17:25.237
4432000,15.2182,0,2024-04-18 00:17:25.237
4431000,0.359,0,2024-04-18 00:17:25.237
4430000,4.1546,0,2024-04-18 00:17:25.237
4429000,3.7012,0,2024-04-18 00:17:25.237
4439000,2.6824,1,2024-04-18 00:17:25.237
4441000,15.4232,1,2024-04-18 00:17:25.237
4442000,4.4225,1,2024-04-18 00:17:25.237
4443000,4.4228,1,2024-04-18 00:17:25.237
4444000,4.805,1,2024-04-18 00:17:25.237
4436000,0.2478,0,2024-04-18 00:17:30.493
4432000,0.5772,0,2024-04-18 00:17:30.493
4431000,19.1285,0,2024-04-18 00:17:30.493
4429000,5.4977,0,2024-04-18 00:17:30.493
4428000,0.4099,0,2024-04-18 00:17:30.493
4439000,2.6824,1,2024-04-18 00:17:30.493
4440000,15,1,2024-04-18 00:17:30.493
4441000,7.3492,1,2024-04-18 00:17:30.493
4442000,4.4322,1,2024-04-18 00:17:30.493
4443000,4.4214,1,2024-04-18 00:17:30.493
4436000,0.2478,0,2024-04-18 00:17:35.637
4434000,0.1021,0,2024-04-18 00:17:35.637
4433000,0.3584,0,2024-04-18 00:17:35.637
4432000,15.6379,0,2024-04-18 00:17:35.637
4431000,4.1285,0,2024-04-18 00:17:35.637
4439000,2.6824,1,2024-04-18 00:17:35.637
4441000,3.0002,1,2024-04-18 00:17:35.637
4443000,19.7792,1,2024-04-18 00:17:35.637
4444000,4,1,2024-04-18 00:17:35.637
4445000,4.0025,1,2024-04-18 00:17:35.637
4436000,0,0,2024-04-18 00:17:40.797
4432000,0.3203,0,2024-04-18 00:17:40.797
4431000,19.484,0,2024-04-18 00:17:40.797
4430000,0.4336,0,2024-04-18 00:17:40.797
4429000,4.1484,0,2024-04-18 00:17:40.797
4440000,0.3588,1,2024-04-18 00:17:40.797
4441000,21.4338,1,2024-04-18 00:17:40.797
4442000,4.4353,1,2024-04-18 00:17:40.797
4443000,6.667,1,2024-04-18 00:17:40.797
4444000,4,1,2024-04-18 00:17:40.797
4436000,0,0,2024-04-18 00:17:45.872
4432000,0.3203,0,2024-04-18 00:17:45.872
4431000,15,0,2024-04-18 00:17:45.872
4430000,0.3591,0,2024-04-18 00:17:45.872
4429000,4.1484,0,2024-04-18 00:17:45.872
4440000,15.4193,1,2024-04-18 00:17:45.872
4441000,7.7916,1,2024-04-18 00:17:45.872
4442000,6.6809,1,2024-04-18 00:17:45.872
4443000,4.4214,1,2024-04-18 00:17:45.872
4444000,4,1,2024-04-18 00:17:45.872
4436000,0.0188,0,2024-04-18 00:17:50.967
4434000,0.0543,0,2024-04-18 00:17:50.967
4432000,19.1152,0,2024-04-18 00:17:50.967
4431000,0.3587,0,2024-04-18 00:17:50.967
4430000,2.6964,0,2024-04-18 00:17:50.967
4441000,18.1329,1,2024-04-18 00:17:50.967
4442000,4.3581,1,2024-04-18 00:17:50.967
4443000,6.6655,1,2024-04-18 00:17:50.967
4444000,4,1,2024-04-18 00:17:50.967
4445000,4.0025,1,2024-04-18 00:17:50.967
4436000,0.0168,0,2024-04-18 00:17:56.043
4434000,15.0543,0,2024-04-18 00:17:56.043
4433000,4.1142,0,2024-04-18 00:17:56.043
4432000,0.4472,0,2024-04-18 00:17:56.043
4431000,0.359,0,2024-04-18 00:17:56.043
4441000,2.485,1,2024-04-18 00:17:56.043
4442000,0.174,1,2024-04-18 00:17:56.043
4443000,0.358,1,2024-04-18 00:17:56.043
4444000,15.4482,1,2024-04-18 00:17:56.043
4445000,5.7846,1,2024-04-18 00:17:56.043
4436000,15.0168,0,2024-04-18 00:18:01.156
4435000,0.4326,0,2024-04-18 00:18:01.156
4434000,2.7207,0,2024-04-18 00:18:01.156
4433000,0.4242,0,2024-04-18 00:18:01.156
4430000,0.3587,0,2024-04-18 00:18:01.156
4441000,2.485,1,2024-04-18 00:18:01.156
4444000,0.3576,1,2024-04-18 00:18:01.156
4445000,15.0025,1,2024-04-18 00:18:01.156
4447000,4.516,1,2024-04-18 00:18:01.156
4448000,4.4235,1,2024-04-18 00:18:01.156
4440000,0.4308,0,2024-04-18 00:18:06.299
4439000,15.443,0,2024-04-18 00:18:06.299
4438000,0.4374,0,2024-04-18 00:18:06.299
4437000,0.78,0,2024-04-18 00:18:06.299
4436000,0.0168,0,2024-04-18 00:18:06.299
4441000,0.7229,1,2024-04-18 00:18:06.299
4445000,0.0025,1,2024-04-18 00:18:06.299
4447000,0.0838,1,2024-04-18 00:18:06.299
4448000,0.3574,1,2024-04-18 00:18:06.299
4449000,15.3565,1,2024-04-18 00:18:06.299
4442000,15.7955,0,2024-04-18 00:18:11.398
4440000,0.4841,0,2024-04-18 00:18:11.398
4439000,0.8043,0,2024-04-18 00:18:11.398
4438000,2.2401,0,2024-04-18 00:18:11.398
4436000,3.7068,0,2024-04-18 00:18:11.398
4443000,0.0014,1,2024-04-18 00:18:11.398
4447000,0.0838,1,2024-04-18 00:18:11.398
4449000,0.3565,1,2024-04-18 00:18:11.398
4450000,15.1131,1,2024-04-18 00:18:11.398
4451000,0.3575,1,2024-04-18 00:18:11.398
4444000,0.3574,0,2024-04-18 00:18:16.509
4441000,15,0,2024-04-18 00:18:16.509
4440000,0.4493,0,2024-04-18 00:18:16.509
4439000,4.1364,0,2024-04-18 00:18:16.509
4437000,0.0197,0,2024-04-18 00:18:16.509
4447000,0.079,1,2024-04-18 00:18:16.509
4448000,0.3574,1,2024-04-18 00:18:16.509
4449000,0.5305,1,2024-04-18 00:18:16.509
4450000,15.1131,1,2024-04-18 00:18:16.509
4451000,0.4353,1,2024-04-18 00:18:16.509
4442000,3.69,0,2024-04-18 00:18:21.616
4441000,3.69,0,2024-04-18 00:18:21.616
4440000,16.7648,0,2024-04-18 00:18:21.616
4438000,7.2067,0,2024-04-18 00:18:21.616
4437000,9.8744,0,2024-04-18 00:18:21.616
4447000,0.5694,1,2024-04-18 00:18:21.616
4448000,15,1,2024-04-18 00:18:21.616
4449000,0.3565,1,2024-04-18 00:18:21.616
4450000,1.1131,1,2024-04-18 00:18:21.616
4451000,4.4353,1,2024-04-18 00:18:21.616
4442000,1.3457,0,2024-04-18 00:18:26.727
4441000,0.4315,0,2024-04-18 00:18:26.727
4440000,15.4186,0,2024-04-18 00:18:26.727
4438000,0.358,0,2024-04-18 00:18:26.727
4437000,4.1171,0,2024-04-18 00:18:26.727
4444000,0.332,1,2024-04-18 00:18:26.727
4447000,0.079,1,2024-04-18 00:18:26.727
4449000,0.3565,1,2024-04-18 00:18:26.727
4450000,15.1131,1,2024-04-18 00:18:26.727
4451000,0.3573,1,2024-04-18 00:18:26.727
4443000,0.3983,0,2024-04-18 00:18:31.864
4442000,0.0348,0,2024-04-18 00:18:31.864
4441000,2.2421,0,2024-04-18 00:18:31.864
4440000,15.3582,0,2024-04-18 00:18:31.864
4439000,0.42,0,2024-04-18 00:18:31.864
4444000,0.2979,1,2024-04-18 00:18:31.864
4447000,0.079,1,2024-04-18 00:18:31.864
4448000,0.3578,1,2024-04-18 00:18:31.864
4449000,0.3565,1,2024-04-18 00:18:31.864
4450000,15.5648,1,2024-04-18 00:18:31.864
4443000,0.8358,0,2024-04-18 00:18:36.964
4442000,15.4858,0,2024-04-18 00:18:36.964
4441000,5.9321,0,2024-04-18 00:18:36.964
4440000,1.1339,0,2024-04-18 00:18:36.964
4439000,0.4324,0,2024-04-18 00:18:36.964
4444000,0.2822,1,2024-04-18 00:18:36.964
4447000,0.079,1,2024-04-18 00:18:36.964
4449000,0.3565,1,2024-04-18 00:18:36.964
4450000,15.1131,1,2024-04-18 00:18:36.964
4452000,0.3575,1,2024-04-18 00:18:36.964
4444000,1.3449,0,2024-04-18 00:18:42.075
4443000,0.0015,0,2024-04-18 00:18:42.075
4442000,0.0348,0,2024-04-18 00:18:42.075
4441000,15.3583,0,2024-04-18 00:18:42.075
4440000,0.7758,0,2024-04-18 00:18:42.075
4449000,0.1537,1,2024-04-18 00:18:42.075
4450000,15.2871,1,2024-04-18 00:18:42.075
4452000,0.4479,1,2024-04-18 00:18:42.075
4453000,1,1,2024-04-18 00:18:42.075
4454000,21.0983,1,2024-04-18 00:18:42.075
4443000,0.0015,0,2024-04-18 00:18:47.189
4442000,1.3806,0,2024-04-18 00:18:47.189
4440000,0.3582,0,2024-04-18 00:18:47.189
4439000,0.3579,0,2024-04-18 00:18:47.189
4438000,15,0,2024-04-18 00:18:47.189
4448000,15.4489,1,2024-04-18 00:18:47.189
4449000,1.1537,1,2024-04-18 00:18:47.189
4450000,4.9042,1,2024-04-18 00:18:47.189
4451000,8.0094,1,2024-04-18 00:18:47.189
4452000,4.4479,1,2024-04-18 00:18:47.189
4443000,0.0136,0,2024-04-18 00:18:52.302
4442000,0.0348,0,2024-04-18 00:18:52.302
4440000,0.7164,0,2024-04-18 00:18:52.302
4438000,2.562,0,2024-04-18 00:18:52.302
4437000,2.2117,0,2024-04-18 00:18:52.302
4448000,19.1327,1,2024-04-18 00:18:52.302
4449000,21.251,1,2024-04-18 00:18:52.302
4450000,4.5467,1,2024-04-18 00:18:52.302
4451000,4,1,2024-04-18 00:18:52.302
4452000,4,1,2024-04-18 00:18:52.302
4443000,0.0136,0,2024-04-18 00:18:57.433
4442000,0.0348,0,2024-04-18 00:18:57.433
4440000,15.7918,0,2024-04-18 00:18:57.433
4439000,0.4242,0,2024-04-18 00:18:57.433
4438000,4.0485,0,2024-04-18 00:18:57.433
4448000,15,1,2024-04-18 00:18:57.433
4449000,0.6439,1,2024-04-18 00:18:57.433
4450000,16.5826,1,2024-04-18 00:18:57.433
4451000,4,1,2024-04-18 00:18:57.433
4452000,4.4322,1,2024-04-18 00:18:57.433
4436000,0.3755,0,2024-04-18 00:19:17.756
4435000,0.3588,0,2024-04-18 00:19:17.756
4432000,16.4689,0,2024-04-18 00:19:17.756
4430000,3.5266,0,2024-04-18 00:19:17.756
4429000,4.1216,0,2024-04-18 00:19:17.756
4441000,19.4406,1,2024-04-18 00:19:17.756
4442000,4.9107,1,2024-04-18 00:19:17.756
4443000,6.2431,1,2024-04-18 00:19:17.756
4444000,4.4197,1,2024-04-18 00:19:17.756
4445000,14.6761,1,2024-04-18 00:19:17.756
4432000,0.1201,0,2024-04-18 00:19:22.905
4431000,0.3589,0,2024-04-18 00:19:22.905
4430000,0.2393,0,2024-04-18 00:19:22.905
4429000,18.7012,0,2024-04-18 00:19:22.905
4428000,9.1,0,2024-04-18 00:19:22.905
4435000,0.3307,1,2024-04-18 00:19:22.905
4438000,4.4326,1,2024-04-18 00:19:22.905
4439000,21.8324,1,2024-04-18 00:19:22.905
4440000,4.4406,1,2024-04-18 00:19:22.905
4441000,4.358,1,2024-04-18 00:19:22.905
4433000,0.359,0,2024-04-18 00:19:28.064
4432000,3.7328,0,2024-04-18 00:19:28.064
4431000,15,0,2024-04-18 00:19:28.064
4430000,0.6729,0,2024-04-18 00:19:28.064
4429000,0.4302,0,2024-04-18 00:19:28.064
4439000,34.903,1,2024-04-18 00:19:28.064
4440000,4,1,2024-04-18 00:19:28.064
4441000,4.7801,1,2024-04-18 00:19:28.064
4442000,4,1,2024-04-18 00:19:28.064
4443000,0.4134,1,2024-04-18 00:19:28.064
4437000,76.5273,0,2024-04-18 00:19:33.190
4435000,0.3588,0,2024-04-18 00:19:33.190
4434000,3.69,0,2024-04-18 00:19:33.190
4432000,0.0428,0,2024-04-18 00:19:33.190
4431000,20.41,0,2024-04-18 00:19:33.190
4439000,18.7354,1,2024-04-18 00:19:33.190
4440000,19,1,2024-04-18 00:19:33.190
4441000,4.8836,1,2024-04-18 00:19:33.190
4442000,4.4315,1,2024-04-18 00:19:33.190
4443000,3.4134,1,2024-04-18 00:19:33.190
4437000,74.6823,0,2024-04-18 00:19:38.335
4434000,0.1022,0,2024-04-18 00:19:38.335
4432000,0.4017,0,2024-04-18 00:19:38.335
4431000,18.69,0,2024-04-18 00:19:38.335
4430000,4.3486,0,2024-04-18 00:19:38.335
4439000,12.6994,1,2024-04-18 00:19:38.335
4440000,19,1,2024-04-18 00:19:38.335
4441000,7.1278,1,2024-04-18 00:19:38.335
4442000,4.4315,1,2024-04-18 00:19:38.335
4443000,4,1,2024-04-18 00:19:38.335
4437000,82.7356,0,2024-04-18 00:19:43.537
4434000,15.5449,0,2024-04-18 00:19:43.537
4433000,5.8492,0,2024-04-18 00:19:43.537
4432000,5.8798,0,2024-04-18 00:19:43.537
4431000,3.7052,0,2024-04-18 00:19:43.537
4439000,2.2456,1,2024-04-18 00:19:43.537
4441000,19.261,1,2024-04-18 00:19:43.537
4442000,0.3582,1,2024-04-18 00:19:43.537
4443000,19,1,2024-04-18 00:19:43.537
4444000,4,1,2024-04-18 00:19:43.537
4438000,7.38,0,2024-04-18 00:19:48.681
4437000,67.7221,0,2024-04-18 00:19:48.681
4436000,0.1022,0,2024-04-18 00:19:48.681
4435000,15.8018,0,2024-04-18 00:19:48.681
4434000,0.4427,0,2024-04-18 00:19:48.681
4441000,0.358,1,2024-04-18 00:19:48.681
4443000,18.7003,1,2024-04-18 00:19:48.681
4444000,19,1,2024-04-18 00:19:48.681
4445000,8.1351,1,2024-04-18 00:19:48.681
4446000,4.4406,1,2024-04-18 00:19:48.681
4437000,83.1418,0,2024-04-18 00:19:53.788
4436000,4.2258,0,2024-04-18 00:19:53.788
4435000,0.8018,0,2024-04-18 00:19:53.788
4434000,0.4427,0,2024-04-18 00:19:53.788
4432000,5.8119,0,2024-04-18 00:19:53.788
4439000,21.8903,1,2024-04-18 00:19:53.788
4441000,0.3354,1,2024-04-18 00:19:53.788
4444000,0.3577,1,2024-04-18 00:19:53.788
4445000,12.8347,1,2024-04-18 00:19:53.788
4446000,19,1,2024-04-18 00:19:53.788
4437000,67.7221,0,2024-04-18 00:19:58.904
4435000,15.4606,0,2024-04-18 00:19:58.904
4433000,0.3585,0,2024-04-18 00:19:58.904
4432000,0.4551,0,2024-04-18 00:19:58.904
4431000,3.69,0,2024-04-18 00:19:58.904
4439000,21.4909,1,2024-04-18 00:19:58.904
4441000,0.3354,1,2024-04-18 00:19:58.904
4443000,0.7998,1,2024-04-18 00:19:58.904
4444000,19,1,2024-04-18 00:19:58.904
4445000,16.6438,1,2024-04-18 00:19:58.904
4438000,0.3582,0,2024-04-18 00:20:04.066
4437000,67.7263,0,2024-04-18 00:20:04.066
4435000,15.807,0,2024-04-18 00:20:04.066
4434000,0.5292,0,2024-04-18 00:20:04.066
4432000,0.4018,0,2024-04-18 00:20:04.066
4439000,21.4909,1,2024-04-18 00:20:04.066
4441000,0.3354,1,2024-04-18 00:20:04.066
4443000,0.3582,1,2024-04-18 00:20:04.066
4444000,19,1,2024-04-18 00:20:04.066
4445000,16.2861,1,2024-04-18 00:20:04.066
4437000,67.7263,0,2024-04-18 00:20:09.189
4435000,15.3584,0,2024-04-18 00:20:09.189
4434000,0.4608,0,2024-04-18 00:20:09.189
4433000,0.4253,0,2024-04-18 00:20:09.189
4432000,0.4018,0,2024-04-18 00:20:09.189
4439000,21.4909,1,2024-04-18 00:20:09.189
4441000,0.3354,1,2024-04-18 00:20:09.189
4443000,15.7789,1,2024-04-18 00:20:09.189
4444000,4,1,2024-04-18 00:20:09.189
4445000,18.8097,1,2024-04-18 00:20:09.189
4437000,67.7375,0,2024-04-18 00:20:14.292
4436000,0.4315,0,2024-04-18 00:20:14.292
4435000,23.1591,0,2024-04-18 00:20:14.292
4434000,0.549,0,2024-04-18 00:20:14.292
4433000,0.784,0,2024-04-18 00:20:14.292
4439000,21.4909,1,2024-04-18 00:20:14.292
4441000,0.3354,1,2024-04-18 00:20:14.292
4443000,0.3582,1,2024-04-18 00:20:14.292
4444000,16.3579,1,2024-04-18 00:20:14.292
4445000,18.8097,1,2024-04-18 00:20:14.292
4438000,0.4486,0,2024-04-18 00:20:19.390
4437000,83.1522,0,2024-04-18 00:20:19.390
4436000,0.5337,0,2024-04-18 00:20:19.390
4435000,8.1591,0,2024-04-18 00:20:19.390
4432000,0.7608,0,2024-04-18 00:20:19.390
4439000,21.4909,1,2024-04-18 00:20:19.390
4441000,0.3551,1,2024-04-18 00:20:19.390
4443000,0.3582,1,2024-04-18 00:20:19.390
4445000,0.3577,1,2024-04-18 00:20:19.390
4446000,15,1,2024-04-18 00:20:19.390
4438000,1.7929,0,2024-04-18 00:20:24.511
4437000,83.1522,0,2024-04-18 00:20:24.511
4436000,2.7773,0,2024-04-18 00:20:24.511
4435000,4.4691,0,2024-04-18 00:20:24.511
4433000,0.3588,0,2024-04-18 00:20:24.511
4439000,20.6488,1,2024-04-18 00:20:24.511
4441000,0.3551,1,2024-04-18 00:20:24.511
4443000,0.3582,1,2024-04-18 00:20:24.511
4446000,0.3576,1,2024-04-18 00:20:24.511
4447000,15,1,2024-04-18 00:20:24.511
4438000,1.7678,0,2024-04-18 00:20:29.602
4437000,15.4585,0,2024-04-18 00:20:29.602
4436000,4.1215,0,2024-04-18 00:20:29.602
4435000,4.5713,0,2024-04-18 00:20:29.602
4432000,0.7609,0,2024-04-18 00:20:29.602
4439000,19.4323,1,2024-04-18 00:20:29.602
4441000,0.3551,1,2024-04-18 00:20:29.602
4443000,0.3582,1,2024-04-18 00:20:29.602
4445000,0.3577,1,2024-04-18 00:20:29.602
4446000,15,1,2024-04-18 00:20:29.602
4438000,5.4578,0,2024-04-18 00:20:34.703
4437000,15.4574,0,2024-04-18 00:20:34.703
4436000,2.6766,0,2024-04-18 00:20:34.703
4435000,4.5713,0,2024-04-18 00:20:34.703
4433000,0.3584,0,2024-04-18 00:20:34.703
4439000,17.7896,1,2024-04-18 00:20:34.703
4441000,0.3551,1,2024-04-18 00:20:34.703
4443000,0.3582,1,2024-04-18 00:20:34.703
4446000,0.3574,1,2024-04-18 00:20:34.703
4447000,0.3577,1,2024-04-18 00:20:34.703
4441000,0.4433,0,2024-04-18 00:20:39.797
4440000,22.8108,0,2024-04-18 00:20:39.797
4439000,0.443,0,2024-04-18 00:20:39.797
4438000,2.2513,0,2024-04-18 00:20:39.797
4437000,5.4254,0,2024-04-18 00:20:39.797
4443000,0.3582,1,2024-04-18 00:20:39.797
4447000,0.3577,1,2024-04-18 00:20:39.797
4448000,15.9096,1,2024-04-18 00:20:39.797
4450000,0.1131,1,2024-04-18 00:20:39.797
4451000,4.4301,1,2024-04-18 00:20:39.797
4440000,0.1,0,2024-04-18 00:20:44.906
4439000,2.2431,0,2024-04-18 00:20:44.906
4438000,18.69,0,2024-04-18 00:20:44.906
4437000,0.4392,0,2024-04-18 00:20:44.906
4436000,5.41,0,2024-04-18 00:20:44.906
4446000,0.4503,1,2024-04-18 00:20:44.906
4447000,1.1347,1,2024-04-18 00:20:44.906
4448000,16.4503,1,2024-04-18 00:20:44.906
4449000,0.426,1,2024-04-18 00:20:44.906
4450000,4.1131,1,2024-04-18 00:20:44.906
4440000,0.0146,0,2024-04-18 00:20:50.012
4439000,1.3459,0,2024-04-18 00:20:50.012
4438000,2.2431,0,2024-04-18 00:20:50.012
4437000,15.4601,0,2024-04-18 00:20:50.012
4436000,0.7875,0,2024-04-18 00:20:50.012
4446000,15.5525,1,2024-04-18 00:20:50.012
4447000,0.7774,1,2024-04-18 00:20:50.012
4448000,5.3481,1,2024-04-18 00:20:50.012
4449000,7.69,1,2024-04-18 00:20:50.012
4450000,9.1491,1,2024-04-18 00:20:50.012
4439000,1.346,0,2024-04-18 00:20:55.155
4437000,15.4396,0,2024-04-18 00:20:55.155
4436000,0.4367,0,2024-04-18 00:20:55.155
4435000,6.578,0,2024-04-18 00:20:55.155
4434000,0.4615,0,2024-04-18 00:20:55.155
4446000,15.9078,1,2024-04-18 00:20:55.155
4447000,0.7774,1,2024-04-18 00:20:55.155
4448000,5.3481,1,2024-04-18 00:20:55.155
4449000,4,1,2024-04-18 00:20:55.155
4450000,36.9224,1,2024-04-18 00:20:55.155
4440000,0.0011,0,2024-04-18 00:21:00.264
4438000,1.3461,0,2024-04-18 00:21:00.264
4437000,18.7054,0,2024-04-18 00:21:00.264
4436000,3.69,0,2024-04-18 00:21:00.264
4435000,0.8094,0,2024-04-18 00:21:00.264
4444000,0.801,1,2024-04-18 00:21:00.264
4445000,0.4916,1,2024-04-18 00:21:00.264
4446000,15.448,1,2024-04-18 00:21:00.264
4447000,0.8796,1,2024-04-18 00:21:00.264
4448000,4.9096,1,2024-04-18 00:21:00.264
4440000,0.0011,0,2024-04-18 00:21:05.366
4437000,0.0154,0,2024-04-18 00:21:05.366
4436000,0.3583,0,2024-04-18 00:21:05.366
4435000,0.3584,0,2024-04-18 00:21:05.366
4433000,4.0487,0,2024-04-18 00:21:05.366
4442000,0.4294,1,2024-04-18 00:21:05.366
4443000,0.3238,1,2024-04-18 00:21:05.366
4444000,0.4447,1,2024-04-18 00:21:05.366
4445000,15.5938,1,2024-04-18 00:21:05.366
4446000,4,1,2024-04-18 00:21:05.366
4441000,0.3577,0,2024-04-18 00:21:10.523
4440000,15.0011,0,2024-04-18 00:21:10.523
4439000,0.4176,0,2024-04-18 00:21:10.523
4438000,2.6935,0,2024-04-18 00:21:10.523
4437000,0.4441,0,2024-04-18 00:21:10.523
4445000,0.0503,1,2024-04-18 00:21:10.523
4446000,0.324,1,2024-04-18 00:21:10.523
4447000,0.7871,1,2024-04-18 00:21:10.523
4448000,0.9096,1,2024-04-18 00:21:10.523
4449000,15.4382,1,2024-04-18 00:21:10.523
4440000,0.0011,0,2024-04-18 00:21:15.621
4438000,2.2416,0,2024-04-18 00:21:15.621
4437000,15.0154,0,2024-04-18 00:21:15.621
4436000,4.8424,0,2024-04-18 00:21:15.621
4435000,0.3584,0,2024-04-18 00:21:15.621
4445000,0.493,1,2024-04-18 00:21:15.621
4446000,15.4353,1,2024-04-18 00:21:15.621
4447000,0.7871,1,2024-04-18 00:21:15.621
4448000,4.9096,1,2024-04-18 00:21:15.621
4449000,4,1,2024-04-18 00:21:15.621
4442000,3.69,0,2024-04-18 00:21:20.772
4439000,0.3585,0,2024-04-18 00:21:20.772
4438000,17.2421,0,2024-04-18 00:21:20.772
4437000,5.4254,0,2024-04-18 00:21:20.772
4436000,6.204,0,2024-04-18 00:21:20.772
4445000,0.0503,1,2024-04-18 00:21:20.772
4446000,0.4249,1,2024-04-18 00:21:20.772
4447000,0.7871,1,2024-04-18 00:21:20.772
4448000,15.9096,1,2024-04-18 00:21:20.772
4449000,0.4524,1,2024-04-18 00:21:20.772
4440000,22.2775,0,2024-04-18 00:21:25.989
4437000,0.3736,0,2024-04-18 00:21:25.989
4436000,6.204,0,2024-04-18 00:21:25.989
4435000,0.3584,0,2024-04-18 00:21:25.989
4434000,24.0705,0,2024-04-18 00:21:25.989
4445000,0.0503,1,2024-04-18 00:21:25.989
4446000,0.4242,1,2024-04-18 00:21:25.989
4447000,0.7871,1,2024-04-18 00:21:25.989
4448000,16.0118,1,2024-04-18 00:21:25.989
4449000,2.2775,1,2024-04-18 00:21:25.989
4444000,6.2372,0,2024-04-18 00:21:31.110
4441000,0.7871,0,2024-04-18 00:21:31.110
4440000,24.6221,0,2024-04-18 00:21:31.110
4439000,0.0056,0,2024-04-18 00:21:31.110
4438000,0.4333,0,2024-04-18 00:21:31.110
4445000,0.0503,1,2024-04-18 00:21:31.110
4447000,0.3577,1,2024-04-18 00:21:31.110
4448000,16.4336,1,2024-04-18 00:21:31.110
4449000,1.9203,1,2024-04-18 00:21:31.110
4450000,9.1281,1,2024-04-18 00:21:31.110
4441000,3.69,0,2024-04-18 00:22:26.255
4440000,15.174,0,2024-04-18 00:22:26.255
4438000,7.2908,0,2024-04-18 00:22:26.255
4437000,6.844,0,2024-04-18 00:22:26.255
4436000,6.7683,0,2024-04-18 00:22:26.255
4446000,0.4707,1,2024-04-18 00:22:26.255
4447000,4.3292,1,2024-04-18 00:22:26.255
4448000,20.4708,1,2024-04-18 00:22:26.255
4449000,6.2717,1,2024-04-18 00:22:26.255
4450000,9.4281,1,2024-04-18 00:22:26.255
4437000,0.3583,0,2024-04-18 00:22:31.421
4436000,0.3583,0,2024-04-18 00:22:31.421
4435000,1.0648,0,2024-04-18 00:22:31.421
4434000,15,0,2024-04-18 00:22:31.421
4433000,0.3587,0,2024-04-18 00:22:31.421
4441000,0.4249,1,2024-04-18 00:22:31.421
4442000,16.7994,1,2024-04-18 00:22:31.421
4443000,4.4357,1,2024-04-18 00:22:31.421
4444000,4,1,2024-04-18 00:22:31.421
4445000,4.4378,1,2024-04-18 00:22:31.421
4437000,0.1022,0,2024-04-18 00:22:36.561
4436000,0.3583,0,2024-04-18 00:22:36.561
4435000,0.3584,0,2024-04-18 00:22:36.561
4434000,0.174,0,2024-04-18 00:22:36.561
4433000,0.3587,0,2024-04-18 00:22:36.561
4440000,19.4266,1,2024-04-18 00:22:36.561
4441000,5.1523,1,2024-04-18 00:22:36.561
4442000,4.4246,1,2024-04-18 00:22:36.561
4443000,4,1,2024-04-18 00:22:36.561
4444000,4,1,2024-04-18 00:22:36.561
4437000,0.4609,0,2024-04-18 00:22:41.710
4436000,0.3583,0,2024-04-18 00:22:41.710
4435000,0.3584,0,2024-04-18 00:22:41.710
4434000,0.224,0,2024-04-18 00:22:41.710
4433000,0.3587,0,2024-04-18 00:22:41.710
4440000,22.69,1,2024-04-18 00:22:41.710
4441000,10.3703,1,2024-04-18 00:22:41.710
4442000,30.1829,1,2024-04-18 00:22:41.710
4443000,9.8568,1,2024-04-18 00:22:41.710
4444000,5.41,1,2024-04-18 00:22:41.710
4436000,0.3583,0,2024-04-18 00:22:47.023
4435000,0.3584,0,2024-04-18 00:22:47.023
4434000,0.05,0,2024-04-18 00:22:47.023
4433000,0.7171,0,2024-04-18 00:22:47.023
4432000,15.8344,0,2024-04-18 00:22:47.023
4440000,19,1,2024-04-18 00:22:47.023
4441000,6.2446,1,2024-04-18 00:22:47.023
4442000,34.2968,1,2024-04-18 00:22:47.023
4443000,5.1368,1,2024-04-18 00:22:47.023
4445000,0.3576,1,2024-04-18 00:22:47.023
4436000,0.3583,0,2024-04-18 00:22:52.204
4435000,0.3584,0,2024-04-18 00:22:52.204
4434000,0.05,0,2024-04-18 00:22:52.204
4433000,0.7176,0,2024-04-18 00:22:52.204
4432000,0.413,0,2024-04-18 00:22:52.204
4439000,9.9091,1,2024-04-18 00:22:52.204
4440000,23.4733,1,2024-04-18 00:22:52.204
4441000,6.6914,1,2024-04-18 00:22:52.204
4442000,35.5929,1,2024-04-18 00:22:52.204
4443000,1,1,2024-04-18 00:22:52.204
4436000,0.3163,0,2024-04-18 00:22:57.325
4435000,0.3584,0,2024-04-18 00:22:57.325
4434000,0.05,0,2024-04-18 00:22:57.325
4433000,4.0487,0,2024-04-18 00:22:57.325
4432000,0.7716,0,2024-04-18 00:22:57.325
4437000,3.69,1,2024-04-18 00:22:57.325
4439000,8.1125,1,2024-04-18 00:22:57.325
4440000,19.4249,1,2024-04-18 00:22:57.325
4441000,32.8364,1,2024-04-18 00:22:57.325
4442000,9.41,1,2024-04-18 00:22:57.325
4437000,0.3586,0,2024-04-18 00:23:02.437
4436000,0.3163,0,2024-04-18 00:23:02.437
4435000,0.3584,0,2024-04-18 00:23:02.437
4434000,0.05,0,2024-04-18 00:23:02.437
4433000,15.8911,0,2024-04-18 00:23:02.437
4440000,4,1,2024-04-18 00:23:02.437
4441000,45.5913,1,2024-04-18 00:23:02.437
4442000,4,1,2024-04-18 00:23:02.437
4443000,1.4329,1,2024-04-18 00:23:02.437
4446000,0.02,1,2024-04-18 00:23:02.437
4436000,0.3149,0,2024-04-18 00:23:07.536
4435000,0.3584,0,2024-04-18 00:23:07.536
4434000,0.594,0,2024-04-18 00:23:07.536
4433000,15.3587,0,2024-04-18 00:23:07.536
4432000,0.413,0,2024-04-18 00:23:07.536
4440000,4,1,2024-04-18 00:23:07.536
4441000,19.4395,1,2024-04-18 00:23:07.536
4442000,30.1409,1,2024-04-18 00:23:07.536
4443000,6.6785,1,2024-04-18 00:23:07.536
4444000,1,1,2024-04-18 00:23:07.536
4436000,0.7658,0,2024-04-18 00:23:12.675
4435000,15.8077,0,2024-04-18 00:23:12.675
4434000,1.8033,0,2024-04-18 00:23:12.675
4433000,1.7972,0,2024-04-18 00:23:12.675
4432000,1.413,0,2024-04-18 00:23:12.675
4442000,2.2148,1,2024-04-18 00:23:12.675
4443000,4.0382,1,2024-04-18 00:23:12.675
4444000,19.3577,1,2024-04-18 00:23:12.675
4445000,4.4493,1,2024-04-18 00:23:12.675
4446000,27.5832,1,2024-04-18 00:23:12.675
4438000,15,0,2024-04-18 00:23:17.832
4437000,0.174,0,2024-04-18 00:23:17.832
4436000,2.8364,0,2024-04-18 00:23:17.832
4435000,4.4977,0,2024-04-18 00:23:17.832
4434000,10.1112,0,2024-04-18 00:23:17.832
4442000,1.6907,1,2024-04-18 00:23:17.832
4446000,6.2452,1,2024-04-18 00:23:17.832
4447000,22.4285,1,2024-04-18 00:23:17.832
4448000,36.3252,1,2024-04-18 00:23:17.832
4449000,2.8841,1,2024-04-18 00:23:17.832
4439000,3.6885,0,2024-04-18 00:23:23.049
4438000,15.4503,0,2024-04-18 00:23:23.049
4437000,3.2198,0,2024-04-18 00:23:23.049
4436000,1.6026,0,2024-04-18 00:23:23.049
4435000,7.2177,0,2024-04-18 00:23:23.049
4442000,1.4905,1,2024-04-18 00:23:23.049
4446000,1.808,1,2024-04-18 00:23:23.049
4447000,24.3438,1,2024-04-18 00:23:23.049
4448000,6.8492,1,2024-04-18 00:23:23.049
4449000,37.0176,1,2024-04-18 00:23:23.049
4442000,0.3389,0,2024-04-18 00:23:28.222
4440000,1.9495,0,2024-04-18 00:23:28.222
4439000,15.4308,0,2024-04-18 00:23:28.222
4438000,1.8086,0,2024-04-18 00:23:28.222
4437000,1.4444,0,2024-04-18 00:23:28.222
4446000,0.02,1,2024-04-18 00:23:28.222
4447000,3.8964,1,2024-04-18 00:23:28.222
4448000,17.0476,1,2024-04-18 00:23:28.222
4449000,6.2607,1,2024-04-18 00:23:28.222
4450000,9.844,1,2024-04-18 00:23:28.222
4440000,2.4166,0,2024-04-18 00:23:33.361
4439000,15.442,0,2024-04-18 00:23:33.361
4438000,5.0387,0,2024-04-18 00:23:33.361
4437000,1.8031,0,2024-04-18 00:23:33.361
4436000,1.1589,0,2024-04-18 00:23:33.361
4446000,0.02,1,2024-04-18 00:23:33.361
4447000,3.8964,1,2024-04-18 00:23:33.361
4448000,17.7314,1,2024-04-18 00:23:33.361
4449000,7.2495,1,2024-04-18 00:23:33.361
4450000,9.844,1,2024-04-18 00:23:33.361
4440000,2.2426,0,2024-04-18 00:23:38.460
4438000,17.2426,0,2024-04-18 00:23:38.460
4436000,2.9279,0,2024-04-18 00:23:38.460
4435000,0.7878,0,2024-04-18 00:23:38.460
4434000,0.3699,0,2024-04-18 00:23:38.460
4446000,15.8002,1,2024-04-18 00:23:38.460
4447000,9.6818,1,2024-04-18 00:23:38.460
4448000,6.4941,1,2024-04-18 00:23:38.460
4449000,5.9036,1,2024-04-18 00:23:38.460
4450000,9.4281,1,2024-04-18 00:23:38.460
4441000,3,0,2024-04-18 00:23:43.577
4436000,15.5873,0,2024-04-18 00:23:43.577
4435000,3.1344,0,2024-04-18 00:23:43.577
4434000,0.3696,0,2024-04-18 00:23:43.577
4433000,0.809,0,2024-04-18 00:23:43.577
4445000,2.2426,1,2024-04-18 00:23:43.577
4446000,21.147,1,2024-04-18 00:23:43.577
4447000,4.7965,1,2024-04-18 00:23:43.577
4448000,32.6423,1,2024-04-18 00:23:43.577
4449000,5.4679,1,2024-04-18 00:23:43.577
4438000,0.174,0,2024-04-18 00:23:48.668
4437000,15,0,2024-04-18 00:23:48.668
4436000,3.8309,0,2024-04-18 00:23:48.668
4435000,1.7878,0,2024-04-18 00:23:48.668
4434000,0.37,0,2024-04-18 00:23:48.668
4446000,18.8206,1,2024-04-18 00:23:48.668
4447000,8.3866,1,2024-04-18 00:23:48.668
4448000,32.6423,1,2024-04-18 00:23:48.668
4449000,5.4679,1,2024-04-18 00:23:48.668
4450000,9.4281,1,2024-04-18 00:23:48.668
4440000,0.411,0,2024-04-18 00:23:53.759
4437000,15.174,0,2024-04-18 00:23:53.759
4436000,1.5873,0,2024-04-18 00:23:53.759
4435000,4.0314,0,2024-04-18 00:23:53.759
4434000,0.37,0,2024-04-18 00:23:53.759
4446000,20.1581,1,2024-04-18 00:23:53.759
4447000,7.0401,1,2024-04-18 00:23:53.759
4448000,32.6423,1,2024-04-18 00:23:53.759
4449000,5.4679,1,2024-04-18 00:23:53.759
4450000,9.4281,1,2024-04-18 00:23:53.759
4438000,0.1626,0,2024-04-18 00:23:58.876
4437000,15,0,2024-04-18 00:23:58.876
4436000,3.4025,0,2024-04-18 00:23:58.876
4435000,3.1345,0,2024-04-18 00:23:58.876
4434000,0.3695,0,2024-04-18 00:23:58.876
4445000,2.2017,1,2024-04-18 00:23:58.876
4446000,19.8007,1,2024-04-18 00:23:58.876
4447000,7.0401,1,2024-04-18 00:23:58.876
4448000,32.6423,1,2024-04-18 00:23:58.876
4449000,5.4679,1,2024-04-18 00:23:58.876
4438000,0.1626,0,2024-04-18 00:24:03.974
4437000,15,0,2024-04-18 00:24:03.974
4436000,1.5172,0,2024-04-18 00:24:03.974
4435000,1.7878,0,2024-04-18 00:24:03.974
4434000,0.0112,0,2024-04-18 00:24:03.974
4446000,18.4689,1,2024-04-18 00:24:03.974
4447000,6.5008,1,2024-04-18 00:24:03.974
4448000,8.7377,1,2024-04-18 00:24:03.974
4449000,5.4679,1,2024-04-18 00:24:03.974
4450000,35.5656,1,2024-04-18 00:24:03.974
4438000,15.0933,0,2024-04-18 00:24:09.088
4437000,0.7907,0,2024-04-18 00:24:09.088
4436000,5.1759,0,2024-04-18 00:24:09.088
4435000,1.7868,0,2024-04-18 00:24:09.088
4434000,0.4337,0,2024-04-18 00:24:09.088
4445000,3.022,1,2024-04-18 00:24:09.088
4446000,18.02,1,2024-04-18 00:24:09.088
4447000,4.7899,1,2024-04-18 00:24:09.088
4448000,6.4051,1,2024-04-18 00:24:09.088
4449000,5.8824,1,2024-04-18 00:24:09.088
4439000,16.7678,0,2024-04-18 00:24:14.181
4438000,1.4249,0,2024-04-18 00:24:14.181
4437000,3.6743,0,2024-04-18 00:24:14.181
4436000,1.9456,0,2024-04-18 00:24:14.181
4435000,0.3584,0,2024-04-18 00:24:14.181
4445000,2.9196,1,2024-04-18 00:24:14.181
4446000,0.1683,1,2024-04-18 00:24:14.181
4447000,2.5998,1,2024-04-18 00:24:14.181
4448000,5.4048,1,2024-04-18 00:24:14.181
4449000,20.8824,1,2024-04-18 00:24:14.181
4439000,2,0,2024-04-18 00:24:19.389
4438000,18.2426,0,2024-04-18 00:24:19.389
4437000,1,0,2024-04-18 00:24:19.389
4436000,1.9459,0,2024-04-18 00:24:19.389
4435000,0.3584,0,2024-04-18 00:24:19.389
4443000,0.5716,1,2024-04-18 00:24:19.389
4445000,2.9196,1,2024-04-18 00:24:19.389
4446000,0.1683,1,2024-04-18 00:24:19.389
4447000,16.153,1,2024-04-18 00:24:19.389
4448000,5.4833,1,2024-04-18 00:24:19.389
4439000,1.9977,0,2024-04-18 00:24:24.477
4437000,2.6919,0,2024-04-18 00:24:24.477
4436000,18.2981,0,2024-04-18 00:24:24.477
4435000,0.3584,0,2024-04-18 00:24:24.477
4434000,0.4667,0,2024-04-18 00:24:24.477
4443000,0.5716,1,2024-04-18 00:24:24.477
4445000,17.9196,1,2024-04-18 00:24:24.477
4446000,0.02,1,2024-04-18 00:24:24.477
4447000,5.0323,1,2024-04-18 00:24:24.477
4448000,6.1414,1,2024-04-18 00:24:24.477
4440000,2.2426,0,2024-04-18 00:24:29.595
4439000,1.9977,0,2024-04-18 00:24:29.595
4438000,0.3584,0,2024-04-18 00:24:29.595
4437000,17.7954,0,2024-04-18 00:24:29.595
4436000,1.5932,0,2024-04-18 00:24:29.595
4443000,0.5716,1,2024-04-18 00:24:29.595
4446000,0.02,1,2024-04-18 00:24:29.595
4447000,15.8087,1,2024-04-18 00:24:29.595
4448000,7.9117,1,2024-04-18 00:24:29.595
4449000,5.9064,1,2024-04-18 00:24:29.595
4443000,2.5214,0,2024-04-18 00:24:34.744
4441000,3.69,0,2024-04-18 00:24:34.744
4440000,2.6745,0,2024-04-18 00:24:34.744
4439000,18.4156,0,2024-04-18 00:24:34.744
4438000,1.444,0,2024-04-18 00:24:34.744
4446000,0.02,1,2024-04-18 00:24:34.744
4447000,0.3577,1,2024-04-18 00:24:34.744
4448000,2.1414,1,2024-04-18 00:24:34.744
4449000,18,1,2024-04-18 00:24:34.744
4450000,13.5611,1,2024-04-18 00:24:34.744
4440000,5.9326,0,2024-04-18 00:24:39.854
4439000,23.4077,0,2024-04-18 00:24:39.854
4438000,6.7679,0,2024-04-18 00:24:39.854
4437000,1.4409,0,2024-04-18 00:24:39.854
4436000,0.1589,0,2024-04-18 00:24:39.854
4446000,0.0177,1,2024-04-18 00:24:39.854
4447000,15.3577,1,2024-04-18 00:24:39.854
4448000,4.968,1,2024-04-18 00:24:39.854
4449000,3.7796,1,2024-04-18 00:24:39.854
4450000,14.9067,1,2024-04-18 00:24:39.854
4444000,2,0,2024-04-18 00:24:56.326
4443000,3.69,0,2024-04-18 00:24:56.326
4442000,0.0112,0,2024-04-18 00:24:56.326
4441000,3.69,0,2024-04-18 00:24:56.326
4440000,1.3457,0,2024-04-18 00:24:56.326
4446000,0.3752,1,2024-04-18 00:24:56.326
4447000,16.8282,1,2024-04-18 00:24:56.326
4448000,13.4231,1,2024-04-18 00:24:56.326
4449000,8.1142,1,2024-04-18 00:24:56.326
4450000,9.8711,1,2024-04-18 00:24:56.326
4442000,1.3565,0,2024-04-18 00:25:01.431
4441000,3.69,0,2024-04-18 00:25:01.431
4440000,15.4392,0,2024-04-18 00:25:01.431
4439000,5.6877,0,2024-04-18 00:25:01.431
4438000,6.8474,0,2024-04-18 00:25:01.431
4446000,0.2551,1,2024-04-18 00:25:01.431
4447000,1.8282,1,2024-04-18 00:25:01.431
4448000,5.2821,1,2024-04-18 00:25:01.431
4449000,19,1,2024-04-18 00:25:01.431
4450000,9.8711,1,2024-04-18 00:25:01.431
4442000,0.0112,0,2024-04-18 00:25:06.543
4440000,2.2421,0,2024-04-18 00:25:06.543
4439000,1.9977,0,2024-04-18 00:25:06.543
4437000,15,0,2024-04-18 00:25:06.543
4436000,4.8489,0,2024-04-18 00:25:06.543
4445000,0.4371,1,2024-04-18 00:25:06.543
4446000,15.5118,1,2024-04-18 00:25:06.543
4447000,6.2778,1,2024-04-18 00:25:06.543
4448000,7.3808,1,2024-04-18 00:25:06.543
4449000,4,1,2024-04-18 00:25:06.543
4442000,0.0112,0,2024-04-18 00:25:11.674
4440000,3.69,0,2024-04-18 00:25:11.674
4439000,5.6877,0,2024-04-18 00:25:11.674
4437000,21.7564,0,2024-04-18 00:25:11.674
4436000,6.5689,0,2024-04-18 00:25:11.674
4444000,0.3575,1,2024-04-18 00:25:11.674
4445000,0.4371,1,2024-04-18 00:25:11.674
4446000,18.6601,1,2024-04-18 00:25:11.674
4447000,6.2778,1,2024-04-18 00:25:11.674
4448000,8.2835,1,2024-04-18 00:25:11.674
4442000,0.0112,0,2024-04-18 00:25:17.046
4441000,3.69,0,2024-04-18 00:25:17.046
4440000,3.69,0,2024-04-18 00:25:17.046
4439000,1.9977,0,2024-04-18 00:25:17.046
4437000,20.41,0,2024-04-18 00:25:17.046
4446000,21.7633,1,2024-04-18 00:25:17.046
4447000,10.428,1,2024-04-18 00:25:17.046
4448000,9.1797,1,2024-04-18 00:25:17.046
4449000,4.4207,1,2024-04-18 00:25:17.046
4450000,20.2481,1,2024-04-18 00:25:17.046
4443000,3.69,0,2024-04-18 00:25:22.409
4442000,3.7012,0,2024-04-18 00:25:22.409
4440000,16.3455,0,2024-04-18 00:25:22.409
4439000,13.2621,0,2024-04-18 00:25:22.409
4438000,1.4343,0,2024-04-18 00:25:22.409
4446000,0.0733,1,2024-04-18 00:25:22.409
4447000,2.186,1,2024-04-18 00:25:22.409
4448000,8.328,1,2024-04-18 00:25:22.409
4449000,19.4207,1,2024-04-18 00:25:22.409
4450000,9.4281,1,2024-04-18 00:25:22.409
4443000,3.69,0,2024-04-18 00:25:27.527
4442000,0.0112,0,2024-04-18 00:25:27.527
4441000,3.69,0,2024-04-18 00:25:27.527
4440000,16.458,0,2024-04-18 00:25:27.527
4439000,13.2621,0,2024-04-18 00:25:27.527
4446000,0.0733,1,2024-04-18 00:25:27.527
4447000,1.8282,1,2024-04-18 00:25:27.527
4448000,5.9966,1,2024-04-18 00:25:27.527
4449000,19.4207,1,2024-04-18 00:25:27.527
4450000,13.1181,1,2024-04-18 00:25:27.527
4442000,0.0112,0,2024-04-18 00:25:32.615
4441000,7.38,0,2024-04-18 00:25:32.615
4440000,0.1126,0,2024-04-18 00:25:32.615
4439000,16.9977,0,2024-04-18 00:25:32.615
4438000,1.3462,0,2024-04-18 00:25:32.615
4446000,1.8423,1,2024-04-18 00:25:32.615
4447000,21.5963,1,2024-04-18 00:25:32.615
4448000,7.3686,1,2024-04-18 00:25:32.615
4449000,9.4569,1,2024-04-18 00:25:32.615
4450000,9.4281,1,2024-04-18 00:25:32.615
4443000,3.69,0,2024-04-18 00:25:37.694
4442000,3.6957,0,2024-04-18 00:25:37.694
4440000,1.4581,0,2024-04-18 00:25:37.694
4439000,17.4191,0,2024-04-18 00:25:37.694
4438000,6.2151,0,2024-04-18 00:25:37.694
4445000,0.834,1,2024-04-18 00:25:37.694
4446000,0.0733,1,2024-04-18 00:25:37.694
4447000,1.8282,1,2024-04-18 00:25:37.694
4448000,24.76,1,2024-04-18 00:25:37.694
4449000,8.3481,1,2024-04-18 00:25:37.694
4443000,3.69,0,2024-04-18 00:25:42.771
4442000,0.0057,0,2024-04-18 00:25:42.771
4441000,18.69,0,2024-04-18 00:25:42.771
4440000,1.4582,0,2024-04-18 00:25:42.771
4439000,2.7755,0,2024-04-18 00:25:42.771
4445000,0.7218,1,2024-04-18 00:25:42.771
4446000,0.0733,1,2024-04-18 00:25:42.771
4447000,1.8282,1,2024-04-18 00:25:42.771
4448000,23.3285,1,2024-04-18 00:25:42.771
4449000,4.4207,1,2024-04-18 00:25:42.771
4442000,3.6957,0,2024-04-18 00:25:47.883
4440000,0.1126,0,2024-04-18 00:25:47.883
4439000,18.3435,0,2024-04-18 00:25:47.883
4438000,5.41,0,2024-04-18 00:25:47.883
4437000,1.7259,0,2024-04-18 00:25:47.883
4445000,0.7218,1,2024-04-18 00:25:47.883
4446000,0.4958,1,2024-04-18 00:25:47.883
4447000,3.5972,1,2024-04-18 00:25:47.883
4448000,28.4434,1,2024-04-18 00:25:47.883
4449000,4.4207,1,2024-04-18 00:25:47.883
4443000,1,0,2024-04-18 00:25:53.004
4442000,7.5302,0,2024-04-18 00:25:53.004
4440000,1.4582,0,2024-04-18 00:25:53.004
4439000,17.416,0,2024-04-18 00:25:53.004
4438000,5.8412,0,2024-04-18 00:25:53.004
4445000,0.7218,1,2024-04-18 00:25:53.004
4446000,0.0733,1,2024-04-18 00:25:53.004
4447000,4.4282,1,2024-04-18 00:25:53.004
4448000,22.5103,1,2024-04-18 00:25:53.004
4449000,4.4207,1,2024-04-18 00:25:53.004
4443000,4.69,0,2024-04-18 00:25:58.110
4442000,3.8402,0,2024-04-18 00:25:58.110
4441000,1.3451,0,2024-04-18 00:25:58.110
4440000,15.1126,0,2024-04-18 00:25:58.110
4439000,3.416,0,2024-04-18 00:25:58.110
4445000,0.7218,1,2024-04-18 00:25:58.110
4446000,0.0177,1,2024-04-18 00:25:58.110
4447000,2.3282,1,2024-04-18 00:25:58.110
4448000,3.0854,1,2024-04-18 00:25:58.110
4449000,2.4288,1,2024-04-18 00:25:58.110
4443000,1,0,2024-04-18 00:26:03.228
4442000,0.1502,0,2024-04-18 00:26:03.228
4441000,3.69,0,2024-04-18 00:26:03.228
4440000,0.1126,0,2024-04-18 00:26:03.228
4439000,5.6877,0,2024-04-18 00:26:03.228
4445000,1.1353,1,2024-04-18 00:26:03.228
4446000,17.213,1,2024-04-18 00:26:03.228
4447000,9.3684,1,2024-04-18 00:26:03.228
4448000,11.1954,1,2024-04-18 00:26:03.228
4449000,5.3461,1,2024-04-18 00:26:03.228
4442000,0.1502,0,2024-04-18 00:26:08.377
4440000,3.8026,0,2024-04-18 00:26:08.377
4439000,5.6877,0,2024-04-18 00:26:08.377
4438000,15,0,2024-04-18 00:26:08.377
4437000,1.6283,0,2024-04-18 00:26:08.377
4445000,0.5253,1,2024-04-18 00:26:08.377
4446000,18.444,1,2024-04-18 00:26:08.377
4447000,9.3683,1,2024-04-18 00:26:08.377
4448000,8.8517,1,2024-04-18 00:26:08.377
4449000,4,1,2024-04-18 00:26:08.377
4442000,0.1502,0,2024-04-18 00:26:13.473
