price,quantity,type,timestamp
93821000,0.0539,0,2024-04-19 00:00:12.883
93820000,0.312,0,2024-04-19 00:00:12.883
93815000,0.0011,0,2024-04-19 00:00:12.883
93811000,0.0687,0,2024-04-19 00:00:12.883
93787000,0.352,0,2024-04-19 00:00:12.883
93834000,0.0855,1,2024-04-19 00:00:12.883
93835000,0.0131,1,2024-04-19 00:00:12.883
93837000,0.0017,1,2024-04-19 00:00:12.883
93838000,0.0009,1,2024-04-19 00:00:12.883
93847000,0.0007,1,2024-04-19 00:00:12.883
93814000,0.0296,0,2024-04-19 00:00:18.248
93805000,0.0616,0,2024-04-19 00:00:18.248
93774000,0.0542,0,2024-04-19 00:00:18.248
93773000,0.4072,0,2024-04-19 00:00:18.248
93772000,0.0106,0,2024-04-19 00:00:18.248
93851000,0.0133,1,2024-04-19 00:00:18.248
93853000,0.713,1,2024-04-19 00:00:18.248
93855000,0.1065,1,2024-04-19 00:00:18.248
93857000,0.001,1,2024-04-19 00:00:18.248
93863000,0.0001,1,2024-04-19 00:00:18.248
93823000,0.1219,0,2024-04-19 00:00:23.366
93817000,0.0625,0,2024-04-19 00:00:23.366
93814000,0.0296,0,2024-04-19 00:00:23.366
93805000,0.0618,0,2024-04-19 00:00:23.366
93804000,0.0302,0,2024-04-19 00:00:23.366
93853000,0.3243,1,2024-04-19 00:00:23.366
93855000,0.0001,1,2024-04-19 00:00:23.366
93857000,0.001,1,2024-04-19 00:00:23.366
93863000,0.0001,1,2024-04-19 00:00:23.366
93864000,0,1,2024-04-19 00:00:23.366
93893000,0.0569,0,2024-04-19 00:00:28.486
93892000,0.0767,0,2024-04-19 00:00:28.486
93891000,0.0598,0,2024-04-19 00:00:28.486
93890000,0.0305,0,2024-04-19 00:00:28.486
93827000,0.0611,0,2024-04-19 00:00:28.486
93966000,0.0119,1,2024-04-19 00:00:28.486
93980000,0.0655,1,2024-04-19 00:00:28.486
93983000,0.0015,1,2024-04-19 00:00:28.486
93985000,0.0007,1,2024-04-19 00:00:28.486
93988000,0.0005,1,2024-04-19 00:00:28.486
93966000,0.0106,0,2024-04-19 00:00:33.851
93894000,0.0002,0,2024-04-19 00:00:33.851
93893000,0.1,0,2024-04-19 00:00:33.851
93892000,0.0557,0,2024-04-19 00:00:33.851
93890000,0.0305,0,2024-04-19 00:00:33.851
93980000,0.0605,1,2024-04-19 00:00:33.851
93983000,0.0015,1,2024-04-19 00:00:33.851
93985000,0.0007,1,2024-04-19 00:00:33.851
93988000,0.0005,1,2024-04-19 00:00:33.851
93989000,0.0025,1,2024-04-19 00:00:33.851
93894000,1.0789,0,2024-04-19 00:00:39.062
93893000,0.0002,0,2024-04-19 00:00:39.062
93827000,0.0611,0,2024-04-19 00:00:39.062
93822000,0.0092,0,2024-04-19 00:00:39.062
93811000,0.0316,0,2024-04-19 00:00:39.062
93962000,0.0626,1,2024-04-19 00:00:39.062
93963000,0.0632,1,2024-04-19 00:00:39.062
93964000,0.1674,1,2024-04-19 00:00:39.062
93965000,0.0646,1,2024-04-19 00:00:39.062
93966000,0.0525,1,2024-04-19 00:00:39.062
93894000,0.0012,0,2024-04-19 00:00:44.168
93834000,0.0559,0,2024-04-19 00:00:44.168
93822000,0.0092,0,2024-04-19 00:00:44.168
93811000,0.0012,0,2024-04-19 00:00:44.168
93808000,0.0627,0,2024-04-19 00:00:44.168
93939000,0.0729,1,2024-04-19 00:00:44.168
93940000,0.061,1,2024-04-19 00:00:44.168
93944000,0.0569,1,2024-04-19 00:00:44.168
93963000,2.7222,1,2024-04-19 00:00:44.168
93966000,0.0525,1,2024-04-19 00:00:44.168
93896000,0.0001,0,2024-04-19 00:00:49.265
93824000,0.1304,0,2024-04-19 00:00:49.265
93823000,0.0626,0,2024-04-19 00:00:49.265
93822000,0.0092,0,2024-04-19 00:00:49.265
93811000,0.0012,0,2024-04-19 00:00:49.265
93936000,0.0671,1,2024-04-19 00:00:49.265
93937000,0.0516,1,2024-04-19 00:00:49.265
93939000,0.0548,1,2024-04-19 00:00:49.265
93940000,0.0021,1,2024-04-19 00:00:49.265
93946000,0.0002,1,2024-04-19 00:00:49.265
93822000,0.0092,0,2024-04-19 00:00:54.366
93811000,0.0108,0,2024-04-19 00:00:54.366
93800000,0.0003,0,2024-04-19 00:00:54.366
93790000,0.0005,0,2024-04-19 00:00:54.366
93770000,0.0001,0,2024-04-19 00:00:54.366
93925000,0.0587,1,2024-04-19 00:00:54.366
93926000,0.0218,1,2024-04-19 00:00:54.366
93927000,0.0643,1,2024-04-19 00:00:54.366
93928000,0.0538,1,2024-04-19 00:00:54.366
93929000,0.0613,1,2024-04-19 00:00:54.366
93822000,0.0092,0,2024-04-19 00:00:59.520
93819000,0.0004,0,2024-04-19 00:00:59.520
93814000,0.0247,0,2024-04-19 00:00:59.520
93811000,0.0108,0,2024-04-19 00:00:59.520
93800000,0.0003,0,2024-04-19 00:00:59.520
93884000,0.0191,1,2024-04-19 00:00:59.520
93888000,0.0623,1,2024-04-19 00:00:59.520
93890000,0.0598,1,2024-04-19 00:00:59.520
93891000,0.0417,1,2024-04-19 00:00:59.520
93893000,0.0551,1,2024-04-19 00:00:59.520
93823000,0.0976,0,2024-04-19 00:01:04.631
93822000,0.0092,0,2024-04-19 00:01:04.631
93814000,0.0247,0,2024-04-19 00:01:04.631
93811000,0.0012,0,2024-04-19 00:01:04.631
93800000,0.0003,0,2024-04-19 00:01:04.631
93835000,0.0016,1,2024-04-19 00:01:04.631
93843000,0.0621,1,2024-04-19 00:01:04.631
93853000,0.0417,1,2024-04-19 00:01:04.631
93857000,0.0265,1,2024-04-19 00:01:04.631
93862000,0.0232,1,2024-04-19 00:01:04.631
93823000,0.2973,0,2024-04-19 00:01:09.731
93822000,0.0092,0,2024-04-19 00:01:09.731
93811000,0.0012,0,2024-04-19 00:01:09.731
93800000,0.0003,0,2024-04-19 00:01:09.731
93778000,0.1064,0,2024-04-19 00:01:09.731
93824000,0.0603,1,2024-04-19 00:01:09.731
93828000,0.0725,1,2024-04-19 00:01:09.731
93829000,0.0265,1,2024-04-19 00:01:09.731
93830000,0.0091,1,2024-04-19 00:01:09.731
93831000,0.0286,1,2024-04-19 00:01:09.731
93800000,0.0015,0,2024-04-19 00:01:14.839
93778000,0.1064,0,2024-04-19 00:01:14.839
93770000,0.0001,0,2024-04-19 00:01:14.839
93760000,0.0028,0,2024-04-19 00:01:14.839
93759000,0.0015,0,2024-04-19 00:01:14.839
93807000,0.0624,1,2024-04-19 00:01:14.839
93809000,0.0264,1,2024-04-19 00:01:14.839
93813000,0.0177,1,2024-04-19 00:01:14.839
93821000,0.0001,1,2024-04-19 00:01:14.839
93829000,0.0606,1,2024-04-19 00:01:14.839
93799000,0.0186,0,2024-04-19 00:01:19.946
93778000,0.1074,0,2024-04-19 00:01:19.946
93770000,0.0001,0,2024-04-19 00:01:19.946
93760000,0.0028,0,2024-04-19 00:01:19.946
93759000,0.0015,0,2024-04-19 00:01:19.946
93805000,0.0091,1,2024-04-19 00:01:19.946
93807000,0.0286,1,2024-04-19 00:01:19.946
93809000,0.0329,1,2024-04-19 00:01:19.946
93810000,0.0331,1,2024-04-19 00:01:19.946
93812000,0.0374,1,2024-04-19 00:01:19.946
93778000,0.026,0,2024-04-19 00:01:25.044
93770000,0.0001,0,2024-04-19 00:01:25.044
93768000,0.0001,0,2024-04-19 00:01:25.044
93767000,0.0092,0,2024-04-19 00:01:25.044
93763000,0.0001,0,2024-04-19 00:01:25.044
93799000,0.0105,1,2024-04-19 00:01:25.044
93816000,0.0625,1,2024-04-19 00:01:25.044
93828000,0.0174,1,2024-04-19 00:01:25.044
93829000,0.0286,1,2024-04-19 00:01:25.044
93830000,0.0091,1,2024-04-19 00:01:25.044
93781000,0.0001,0,2024-04-19 00:01:30.174
93780000,0.0092,0,2024-04-19 00:01:30.174
93778000,0.0259,0,2024-04-19 00:01:30.174
93777000,0.0001,0,2024-04-19 00:01:30.174
93770000,0.0255,0,2024-04-19 00:01:30.174
93799000,0.0077,1,2024-04-19 00:01:30.174
93829000,0.0022,1,2024-04-19 00:01:30.174
93836000,0.0553,1,2024-04-19 00:01:30.174
93837000,0.0002,1,2024-04-19 00:01:30.174
93838000,0.0155,1,2024-04-19 00:01:30.174
93798000,0.0001,0,2024-04-19 00:01:35.604
93797000,0.0092,0,2024-04-19 00:01:35.604
93793000,0.0001,0,2024-04-19 00:01:35.604
93787000,0.0254,0,2024-04-19 00:01:35.604
93786000,0.0002,0,2024-04-19 00:01:35.604
93799000,0.0002,1,2024-04-19 00:01:35.604
93816000,0.064,1,2024-04-19 00:01:35.604
93829000,0.0022,1,2024-04-19 00:01:35.604
93832000,0.0289,1,2024-04-19 00:01:35.604
93836000,0.0553,1,2024-04-19 00:01:35.604
93791000,0.0001,0,2024-04-19 00:01:40.710
93785000,0.0254,0,2024-04-19 00:01:40.710
93783000,0.0535,0,2024-04-19 00:01:40.710
93782000,0.0002,0,2024-04-19 00:01:40.710
93781000,0.0015,0,2024-04-19 00:01:40.710
93797000,0.1477,1,2024-04-19 00:01:40.710
93800000,0.0106,1,2024-04-19 00:01:40.710
93829000,0.0022,1,2024-04-19 00:01:40.710
93832000,0.0289,1,2024-04-19 00:01:40.710
93836000,0.0553,1,2024-04-19 00:01:40.710
93782000,0.0002,0,2024-04-19 00:01:45.841
93767000,0.01,0,2024-04-19 00:01:45.841
93760000,0.0028,0,2024-04-19 00:01:45.841
93759000,0.027,0,2024-04-19 00:01:45.841
93757000,0.0001,0,2024-04-19 00:01:45.841
93783000,0.1258,1,2024-04-19 00:01:45.841
93795000,0.0491,1,2024-04-19 00:01:45.841
93797000,0.0106,1,2024-04-19 00:01:45.841
93800000,0.0081,1,2024-04-19 00:01:45.841
93814000,0.0596,1,2024-04-19 00:01:45.841
93783000,0.3351,0,2024-04-19 00:01:50.948
93782000,0.0052,0,2024-04-19 00:01:50.948
93767000,0.01,0,2024-04-19 00:01:50.948
93760000,0.0028,0,2024-04-19 00:01:50.948
93759000,0.0015,0,2024-04-19 00:01:50.948
93795000,0.0476,1,2024-04-19 00:01:50.948
93797000,0.0106,1,2024-04-19 00:01:50.948
93800000,0.0081,1,2024-04-19 00:01:50.948
93806000,0.0002,1,2024-04-19 00:01:50.948
93813000,0.0174,1,2024-04-19 00:01:50.948
93783000,0.2786,0,2024-04-19 00:01:56.122
93782000,0.0052,0,2024-04-19 00:01:56.122
93767000,0.01,0,2024-04-19 00:01:56.122
93760000,0.0028,0,2024-04-19 00:01:56.122
93759000,0.0015,0,2024-04-19 00:01:56.122
93787000,0.0091,1,2024-04-19 00:01:56.122
93791000,0.0244,1,2024-04-19 00:01:56.122
93794000,0.0374,1,2024-04-19 00:01:56.122
93796000,0.0476,1,2024-04-19 00:01:56.122
93797000,0.0106,1,2024-04-19 00:01:56.122
93783000,0.2614,0,2024-04-19 00:02:01.247
93782000,0.0052,0,2024-04-19 00:02:01.247
93767000,0.01,0,2024-04-19 00:02:01.247
93760000,0.0028,0,2024-04-19 00:02:01.247
93759000,0.0015,0,2024-04-19 00:02:01.247
93786000,0.0445,1,2024-04-19 00:02:01.247
93791000,0.0341,1,2024-04-19 00:02:01.247
93793000,0.0445,1,2024-04-19 00:02:01.247
93794000,0.1159,1,2024-04-19 00:02:01.247
93795000,0.0856,1,2024-04-19 00:02:01.247
93767000,0.015,0,2024-04-19 00:02:06.366
93760000,0.0028,0,2024-04-19 00:02:06.366
93759000,0.0106,0,2024-04-19 00:02:06.366
93742000,0.0032,0,2024-04-19 00:02:06.366
93729000,0.001,0,2024-04-19 00:02:06.366
93782000,0.0089,1,2024-04-19 00:02:06.366
93785000,0.0239,1,2024-04-19 00:02:06.366
93786000,0.0189,1,2024-04-19 00:02:06.366
93787000,0.0106,1,2024-04-19 00:02:06.366
93788000,0.0986,1,2024-04-19 00:02:06.366
93712000,0.0137,0,2024-04-19 00:02:11.482
93694000,0.0015,0,2024-04-19 00:02:11.482
93686000,0.0001,0,2024-04-19 00:02:11.482
93685000,0.0402,0,2024-04-19 00:02:11.482
93678000,0.0713,0,2024-04-19 00:02:11.482
93760000,0.0345,1,2024-04-19 00:02:11.482
93761000,0.0321,1,2024-04-19 00:02:11.482
93762000,0.0027,1,2024-04-19 00:02:11.482
93763000,0.1043,1,2024-04-19 00:02:11.482
93764000,0.0239,1,2024-04-19 00:02:11.482
93717000,0.043,0,2024-04-19 00:02:16.595
93712000,0.0137,0,2024-04-19 00:02:16.595
93693000,0.0062,0,2024-04-19 00:02:16.595
93690000,0.0046,0,2024-04-19 00:02:16.595
93689000,0.0001,0,2024-04-19 00:02:16.595
93733000,0.0003,1,2024-04-19 00:02:16.595
93755000,0.0336,1,2024-04-19 00:02:16.595
93756000,0.0537,1,2024-04-19 00:02:16.595
93757000,0.001,1,2024-04-19 00:02:16.595
93758000,0.0336,1,2024-04-19 00:02:16.595
93727000,0.0002,0,2024-04-19 00:02:21.690
93717000,0.043,0,2024-04-19 00:02:21.690
93716000,0.0062,0,2024-04-19 00:02:21.690
93713000,0.0043,0,2024-04-19 00:02:21.690
93712000,0.0898,0,2024-04-19 00:02:21.690
93757000,0.001,1,2024-04-19 00:02:21.690
93765000,0.0643,1,2024-04-19 00:02:21.690
93779000,0.0013,1,2024-04-19 00:02:21.690
93783000,0.0239,1,2024-04-19 00:02:21.690
93784000,0.039,1,2024-04-19 00:02:21.690
93727000,0.1,0,2024-04-19 00:02:27.178
93721000,0.0678,0,2024-04-19 00:02:27.178
93717000,0.0801,0,2024-04-19 00:02:27.178
93715000,0.0204,0,2024-04-19 00:02:27.178
93712000,0.1019,0,2024-04-19 00:02:27.178
93736000,0.0794,1,2024-04-19 00:02:27.178
93757000,0.001,1,2024-04-19 00:02:27.178
93786000,0.0333,1,2024-04-19 00:02:27.178
93787000,0.0602,1,2024-04-19 00:02:27.178
93795000,0.0858,1,2024-04-19 00:02:27.178
93727000,0.1002,0,2024-04-19 00:02:32.288
93717000,0.043,0,2024-04-19 00:02:32.288
93712000,0.09,0,2024-04-19 00:02:32.288
93694000,0.0165,0,2024-04-19 00:02:32.288
93688000,0.0586,0,2024-04-19 00:02:32.288
93736000,0.0676,1,2024-04-19 00:02:32.288
93757000,0.001,1,2024-04-19 00:02:32.288
93767000,0.0569,1,2024-04-19 00:02:32.288
93776000,0.0332,1,2024-04-19 00:02:32.288
93777000,0.0013,1,2024-04-19 00:02:32.288
93727000,0.0937,0,2024-04-19 00:02:37.440
93719000,0.0001,0,2024-04-19 00:02:37.440
93717000,0.043,0,2024-04-19 00:02:37.440
93712000,0.09,0,2024-04-19 00:02:37.440
93710000,0.0001,0,2024-04-19 00:02:37.440
93736000,0.0047,1,2024-04-19 00:02:37.440
93757000,0.001,1,2024-04-19 00:02:37.440
93767000,0.0569,1,2024-04-19 00:02:37.440
93785000,0.0339,1,2024-04-19 00:02:37.440
93786000,0.0002,1,2024-04-19 00:02:37.440
93743000,0.0403,0,2024-04-19 00:02:42.539
93738000,0.0204,0,2024-04-19 00:02:42.539
93736000,0.0208,0,2024-04-19 00:02:42.539
93735000,0.0001,0,2024-04-19 00:02:42.539
93727000,0.0937,0,2024-04-19 00:02:42.539
93757000,0.001,1,2024-04-19 00:02:42.539
93785000,0.002,1,2024-04-19 00:02:42.539
93786000,0.0002,1,2024-04-19 00:02:42.539
93787000,0.0949,1,2024-04-19 00:02:42.539
93795000,0.0858,1,2024-04-19 00:02:42.539
93760000,0.0053,0,2024-04-19 00:02:47.839
93749000,0.0003,0,2024-04-19 00:02:47.839
93748000,0.0177,0,2024-04-19 00:02:47.839
93747000,0.0001,0,2024-04-19 00:02:47.839
93741000,0.024,0,2024-04-19 00:02:47.839
93785000,0.002,1,2024-04-19 00:02:47.839
93786000,0.0002,1,2024-04-19 00:02:47.839
93787000,0.0949,1,2024-04-19 00:02:47.839
93795000,0.0858,1,2024-04-19 00:02:47.839
93800000,0.0081,1,2024-04-19 00:02:47.839
93767000,0.0164,0,2024-04-19 00:02:53.077
93760000,0.0177,0,2024-04-19 00:02:53.077
93753000,0.0243,0,2024-04-19 00:02:53.077
93750000,0.0263,0,2024-04-19 00:02:53.077
93748000,0.024,0,2024-04-19 00:02:53.077
93785000,0.0383,1,2024-04-19 00:02:53.077
93786000,0.0002,1,2024-04-19 00:02:53.077
93787000,0.0602,1,2024-04-19 00:02:53.077
93789000,0.051,1,2024-04-19 00:02:53.077
93795000,0.0858,1,2024-04-19 00:02:53.077
93767000,0.0088,0,2024-04-19 00:02:58.206
93750000,0.0103,0,2024-04-19 00:02:58.206
93749000,0.0164,0,2024-04-19 00:02:58.206
93746000,0.0002,0,2024-04-19 00:02:58.206
93745000,0.0001,0,2024-04-19 00:02:58.206
93785000,0.0277,1,2024-04-19 00:02:58.206
93786000,0.0002,1,2024-04-19 00:02:58.206
93787000,0.0602,1,2024-04-19 00:02:58.206
93789000,0.051,1,2024-04-19 00:02:58.206
93795000,0.0858,1,2024-04-19 00:02:58.206
93784000,0.0341,0,2024-04-19 00:03:03.310
93782000,0.0098,0,2024-04-19 00:03:03.310
93779000,0.0165,0,2024-04-19 00:03:03.310
93777000,0.0243,0,2024-04-19 00:03:03.310
93769000,0.0112,0,2024-04-19 00:03:03.310
93785000,0.0162,1,2024-04-19 00:03:03.310
93786000,0.0002,1,2024-04-19 00:03:03.310
93787000,0.0262,1,2024-04-19 00:03:03.310
93789000,0.051,1,2024-04-19 00:03:03.310
93795000,0.0858,1,2024-04-19 00:03:03.310
93823000,0.0001,0,2024-04-19 00:03:08.443
93816000,0.0001,0,2024-04-19 00:03:08.443
93809000,0.0252,0,2024-04-19 00:03:08.443
93804000,0.0002,0,2024-04-19 00:03:08.443
93800000,0.0001,0,2024-04-19 00:03:08.443
93863000,0.0007,1,2024-04-19 00:03:08.443
93865000,0.0002,1,2024-04-19 00:03:08.443
93871000,0.0243,1,2024-04-19 00:03:08.443
93874000,0.0014,1,2024-04-19 00:03:08.443
93877000,0.0006,1,2024-04-19 00:03:08.443
93768000,0.0053,0,2024-04-19 00:03:13.569
93728000,0.0001,0,2024-04-19 00:03:13.569
93725000,0.0252,0,2024-04-19 00:03:13.569
93724000,0.0091,0,2024-04-19 00:03:13.569
93723000,0.024,0,2024-04-19 00:03:13.569
93779000,0.0001,1,2024-04-19 00:03:13.569
93790000,0.001,1,2024-04-19 00:03:13.569
93795000,0.0085,1,2024-04-19 00:03:13.569
93796000,0.0595,1,2024-04-19 00:03:13.569
93805000,0.0098,1,2024-04-19 00:03:13.569
93750000,0.0002,0,2024-04-19 00:03:18.670
93729000,0.0231,0,2024-04-19 00:03:18.670
93728000,0.024,0,2024-04-19 00:03:18.670
93727000,0.0252,0,2024-04-19 00:03:18.670
93725000,0.0535,0,2024-04-19 00:03:18.670
93779000,0.0215,1,2024-04-19 00:03:18.670
93795000,0.0286,1,2024-04-19 00:03:18.670
93796000,0.0597,1,2024-04-19 00:03:18.670
93811000,0.0373,1,2024-04-19 00:03:18.670
93813000,0.0339,1,2024-04-19 00:03:18.670
93779000,0.0021,0,2024-04-19 00:03:23.779
93770000,0.0002,0,2024-04-19 00:03:23.779
93742000,0.0041,0,2024-04-19 00:03:23.779
93740000,0.074,0,2024-04-19 00:03:23.779
93738000,0.024,0,2024-04-19 00:03:23.779
93794000,0.0014,1,2024-04-19 00:03:23.779
93795000,0.0201,1,2024-04-19 00:03:23.779
93796000,0.0002,1,2024-04-19 00:03:23.779
93806000,0.0002,1,2024-04-19 00:03:23.779
93821000,0.0098,1,2024-04-19 00:03:23.779
93774000,0.0055,0,2024-04-19 00:03:28.877
93753000,0.0003,0,2024-04-19 00:03:28.877
93742000,0.0041,0,2024-04-19 00:03:28.877
93740000,0.0002,0,2024-04-19 00:03:28.877
93739000,0.0253,0,2024-04-19 00:03:28.877
93806000,0.0442,1,2024-04-19 00:03:28.877
93810000,0.0244,1,2024-04-19 00:03:28.877
93819000,0.0098,1,2024-04-19 00:03:28.877
93820000,0.1196,1,2024-04-19 00:03:28.877
93824000,0.034,1,2024-04-19 00:03:28.877
93774000,0.0044,0,2024-04-19 00:03:34.001
93752000,0.0001,0,2024-04-19 00:03:34.001
93751000,0.0093,0,2024-04-19 00:03:34.001
93750000,0.024,0,2024-04-19 00:03:34.001
93749000,0.0254,0,2024-04-19 00:03:34.001
93796000,0.0084,1,2024-04-19 00:03:34.001
93817000,0.001,1,2024-04-19 00:03:34.001
93820000,0.352,1,2024-04-19 00:03:34.001
93828000,0.0553,1,2024-04-19 00:03:34.001
93830000,0.0016,1,2024-04-19 00:03:34.001
93777000,0.02,0,2024-04-19 00:03:39.173
93774000,0.1953,0,2024-04-19 00:03:39.173
93751000,0.0002,0,2024-04-19 00:03:39.173
93730000,0.0254,0,2024-04-19 00:03:39.173
93729000,0.0322,0,2024-04-19 00:03:39.173
93796000,0.0094,1,2024-04-19 00:03:39.173
93797000,0.0041,1,2024-04-19 00:03:39.173
93800000,0.0244,1,2024-04-19 00:03:39.173
93809000,0.0177,1,2024-04-19 00:03:39.173
93810000,0.0098,1,2024-04-19 00:03:39.173
93779000,0.0079,0,2024-04-19 00:03:44.275
93778000,0.0014,0,2024-04-19 00:03:44.275
93777000,0.0198,0,2024-04-19 00:03:44.275
93774000,0.0002,0,2024-04-19 00:03:44.275
93722000,0.0544,0,2024-04-19 00:03:44.275
93780000,0.0351,1,2024-04-19 00:03:44.275
93785000,0.0244,1,2024-04-19 00:03:44.275
93794000,0.0177,1,2024-04-19 00:03:44.275
93795000,0.0098,1,2024-04-19 00:03:44.275
93797000,0.0498,1,2024-04-19 00:03:44.275
93779000,0.0079,0,2024-04-19 00:03:49.414
93778000,0.0014,0,2024-04-19 00:03:49.414
93777000,0.0214,0,2024-04-19 00:03:49.414
93774000,0.0002,0,2024-04-19 00:03:49.414
93722000,0.0544,0,2024-04-19 00:03:49.414
93780000,0.0326,1,2024-04-19 00:03:49.414
93785000,0.0244,1,2024-04-19 00:03:49.414
93794000,0.0177,1,2024-04-19 00:03:49.414
93795000,0.0099,1,2024-04-19 00:03:49.414
93796000,0.0041,1,2024-04-19 00:03:49.414
93712000,0.0137,0,2024-04-19 00:03:54.563
93700000,0.0687,0,2024-04-19 00:03:54.563
93691000,0.0087,0,2024-04-19 00:03:54.563
93688000,0.0011,0,2024-04-19 00:03:54.563
93687000,0.0322,0,2024-04-19 00:03:54.563
93767000,0.0177,1,2024-04-19 00:03:54.563
93771000,0.0341,1,2024-04-19 00:03:54.563
93772000,0.1073,1,2024-04-19 00:03:54.563
93776000,0.0166,1,2024-04-19 00:03:54.563
93777000,0.0002,1,2024-04-19 00:03:54.563
93712000,0.0466,0,2024-04-19 00:03:59.748
93700000,0.0687,0,2024-04-19 00:03:59.748
93691000,0.0245,0,2024-04-19 00:03:59.748
93688000,0.0264,0,2024-04-19 00:03:59.748
93687000,0.0322,0,2024-04-19 00:03:59.748
93759000,0.1174,1,2024-04-19 00:03:59.748
93761000,0.352,1,2024-04-19 00:03:59.748
93767000,0.0177,1,2024-04-19 00:03:59.748
93768000,0.0098,1,2024-04-19 00:03:59.748
93770000,0.0373,1,2024-04-19 00:03:59.748
93760000,0.0007,0,2024-04-19 00:04:04.893
93720000,0.0426,0,2024-04-19 00:04:04.893
93712000,0.0711,0,2024-04-19 00:04:04.893
93700000,0.0868,0,2024-04-19 00:04:04.893
93697000,0.0243,0,2024-04-19 00:04:04.893
93768000,0.0098,1,2024-04-19 00:04:04.893
93769000,0.0341,1,2024-04-19 00:04:04.893
93772000,0.0204,1,2024-04-19 00:04:04.893
93777000,0.0351,1,2024-04-19 00:04:04.893
93783000,0.1174,1,2024-04-19 00:04:04.893
93712000,0.0817,0,2024-04-19 00:04:10.016
93700000,0.0236,0,2024-04-19 00:04:10.016
93688000,0.0008,0,2024-04-19 00:04:10.016
93680000,0.1621,0,2024-04-19 00:04:10.016
93679000,0.0047,0,2024-04-19 00:04:10.016
93720000,0.1005,1,2024-04-19 00:04:10.016
93744000,0.013,1,2024-04-19 00:04:10.016
93745000,0.0091,1,2024-04-19 00:04:10.016
93747000,0.0373,1,2024-04-19 00:04:10.016
93751000,0.1175,1,2024-04-19 00:04:10.016
93712000,0.0817,0,2024-04-19 00:04:15.134
93700000,0.0236,0,2024-04-19 00:04:15.134
93688000,0.0008,0,2024-04-19 00:04:15.134
93680000,0.1621,0,2024-04-19 00:04:15.134
93674000,0.0012,0,2024-04-19 00:04:15.134
93720000,0.0874,1,2024-04-19 00:04:15.134
93739000,0.013,1,2024-04-19 00:04:15.134
93741000,0.0373,1,2024-04-19 00:04:15.134
93747000,0.0341,1,2024-04-19 00:04:15.134
93748000,0.0166,1,2024-04-19 00:04:15.134
93700000,0.005,0,2024-04-19 00:04:20.256
93688000,0.0008,0,2024-04-19 00:04:20.256
93680000,0.1,0,2024-04-19 00:04:20.256
93674000,0.0012,0,2024-04-19 00:04:20.256
93672000,0.012,0,2024-04-19 00:04:20.256
93705000,0.0002,1,2024-04-19 00:04:20.256
93706000,0.0166,1,2024-04-19 00:04:20.256
93713000,0.0348,1,2024-04-19 00:04:20.256
93714000,0.0119,1,2024-04-19 00:04:20.256
93718000,0.1122,1,2024-04-19 00:04:20.256
93674000,0.0012,0,2024-04-19 00:04:25.376
93672000,0.012,0,2024-04-19 00:04:25.376
93659000,0.001,0,2024-04-19 00:04:25.376
93650000,0.0056,0,2024-04-19 00:04:25.376
93645000,0.0011,0,2024-04-19 00:04:25.376
93691000,0.0341,1,2024-04-19 00:04:25.376
93699000,0.0812,1,2024-04-19 00:04:25.376
93700000,0.4115,1,2024-04-19 00:04:25.376
93707000,0.0242,1,2024-04-19 00:04:25.376
93711000,0.0348,1,2024-04-19 00:04:25.376
93672000,0.0001,0,2024-04-19 00:04:30.480
93659000,0.001,0,2024-04-19 00:04:30.480
93650000,0.0056,0,2024-04-19 00:04:30.480
93645000,0.0011,0,2024-04-19 00:04:30.480
93642000,0.0017,0,2024-04-19 00:04:30.480
93674000,0.005,1,2024-04-19 00:04:30.480
93675000,0.0069,1,2024-04-19 00:04:30.480
93677000,0.0242,1,2024-04-19 00:04:30.480
93682000,0.0341,1,2024-04-19 00:04:30.480
93684000,0.3709,1,2024-04-19 00:04:30.480
93708000,0.1164,0,2024-04-19 00:04:35.633
93705000,0.0152,0,2024-04-19 00:04:35.633
93703000,0.0002,0,2024-04-19 00:04:35.633
93675000,0.0002,0,2024-04-19 00:04:35.633
93660000,0.0798,0,2024-04-19 00:04:35.633
93757000,0.0062,1,2024-04-19 00:04:35.633
93760000,0.0252,1,2024-04-19 00:04:35.633
93768000,0.0632,1,2024-04-19 00:04:35.633
93772000,0.0254,1,2024-04-19 00:04:35.633
93777000,0.0104,1,2024-04-19 00:04:35.633
93700000,0.0262,0,2024-04-19 00:04:40.793
93675000,0.0002,0,2024-04-19 00:04:40.793
93651000,0.0008,0,2024-04-19 00:04:40.793
93650000,0.0056,0,2024-04-19 00:04:40.793
93645000,0.0011,0,2024-04-19 00:04:40.793
93725000,0.0255,1,2024-04-19 00:04:40.793
93726000,0.001,1,2024-04-19 00:04:40.793
93729000,0.12,1,2024-04-19 00:04:40.793
93730000,0.0569,1,2024-04-19 00:04:40.793
93737000,0.0098,1,2024-04-19 00:04:40.793
93616000,0.0001,0,2024-04-19 00:04:47.778
93611000,0.0611,0,2024-04-19 00:04:47.778
93601000,0.0101,0,2024-04-19 00:04:47.778
93600000,0.0028,0,2024-04-19 00:04:47.778
93589000,0.001,0,2024-04-19 00:04:47.778
93674000,0.0001,1,2024-04-19 00:04:47.778
93675000,0.0001,1,2024-04-19 00:04:47.778
93695000,0.1199,1,2024-04-19 00:04:47.778
93698000,0.0545,1,2024-04-19 00:04:47.778
93699000,0.0005,1,2024-04-19 00:04:47.778
93611000,0.0095,0,2024-04-19 00:04:52.904
93600000,0.0028,0,2024-04-19 00:04:52.904
93589000,0.001,0,2024-04-19 00:04:52.904
93588000,0.0625,0,2024-04-19 00:04:52.904
93574000,0.352,0,2024-04-19 00:04:52.904
93675000,0.0001,1,2024-04-19 00:04:52.904
93676000,0.1012,1,2024-04-19 00:04:52.904
93677000,0.0625,1,2024-04-19 00:04:52.904
93698000,0.0547,1,2024-04-19 00:04:52.904
93700000,0.1144,1,2024-04-19 00:04:52.904
93600000,0.0028,0,2024-04-19 00:04:58.047
93589000,0.001,0,2024-04-19 00:04:58.047
93574000,0.0002,0,2024-04-19 00:04:58.047
93571000,0.0017,0,2024-04-19 00:04:58.047
93567000,0.001,0,2024-04-19 00:04:58.047
93611000,0.0071,1,2024-04-19 00:04:58.047
93618000,0.1188,1,2024-04-19 00:04:58.047
93619000,0.0599,1,2024-04-19 00:04:58.047
93656000,0.0538,1,2024-04-19 00:04:58.047
93659000,0.0474,1,2024-04-19 00:04:58.047
93589000,0.0011,0,2024-04-19 00:05:03.250
93574000,0.0002,0,2024-04-19 00:05:03.250
93571000,0.0027,0,2024-04-19 00:05:03.250
93567000,0.001,0,2024-04-19 00:05:03.250
93564000,0.058,0,2024-04-19 00:05:03.250
93600000,0.0575,1,2024-04-19 00:05:03.250
93610000,0.0001,1,2024-04-19 00:05:03.250
93611000,0.0106,1,2024-04-19 00:05:03.250
93641000,0.1179,1,2024-04-19 00:05:03.250
93642000,0.0558,1,2024-04-19 00:05:03.250
93591000,0.0493,0,2024-04-19 00:05:08.596
93589000,0.0012,0,2024-04-19 00:05:08.596
93574000,0.0002,0,2024-04-19 00:05:08.596
93571000,0.0027,0,2024-04-19 00:05:08.596
93567000,0.001,0,2024-04-19 00:05:08.596
93600000,0.0119,1,2024-04-19 00:05:08.596
93611000,0.0106,1,2024-04-19 00:05:08.596
93644000,0.1169,1,2024-04-19 00:05:08.596
93645000,0.0555,1,2024-04-19 00:05:08.596
93667000,0.0558,1,2024-04-19 00:05:08.596
93610000,0.0009,0,2024-04-19 00:05:13.820
93600000,0.0241,0,2024-04-19 00:05:13.820
93591000,0.0706,0,2024-04-19 00:05:13.820
93589000,0.001,0,2024-04-19 00:05:13.820
93583000,0.0631,0,2024-04-19 00:05:13.820
93680000,0.1161,1,2024-04-19 00:05:13.820
93681000,0.0628,1,2024-04-19 00:05:13.820
93698000,0.0002,1,2024-04-19 00:05:13.820
93700000,0.0001,1,2024-04-19 00:05:13.820
93706000,0.0098,1,2024-04-19 00:05:13.820
93667000,0.001,0,2024-04-19 00:05:19.156
93651000,0.0555,0,2024-04-19 00:05:19.156
93630000,0.0832,0,2024-04-19 00:05:19.156
93629000,0.0624,0,2024-04-19 00:05:19.156
93621000,0.1066,0,2024-04-19 00:05:19.156
93698000,0.0002,1,2024-04-19 00:05:19.156
93700000,0.0011,1,2024-04-19 00:05:19.156
93702000,0.0251,1,2024-04-19 00:05:19.156
93706000,0.0098,1,2024-04-19 00:05:19.156
93708000,0.0024,1,2024-04-19 00:05:19.156
93667000,0.001,0,2024-04-19 00:05:24.280
93652000,0.0772,0,2024-04-19 00:05:24.280
93651000,0.0555,0,2024-04-19 00:05:24.280
93634000,0.1068,0,2024-04-19 00:05:24.280
93629000,0.0624,0,2024-04-19 00:05:24.280
93700000,0.0003,1,2024-04-19 00:05:24.280
93702000,0.0251,1,2024-04-19 00:05:24.280
93703000,0.0098,1,2024-04-19 00:05:24.280
93708000,0.0024,1,2024-04-19 00:05:24.280
93739000,0.0555,1,2024-04-19 00:05:24.280
93700000,0.0081,0,2024-04-19 00:05:29.453
93667000,0.1096,0,2024-04-19 00:05:29.453
93651000,0.077,0,2024-04-19 00:05:29.453
93647000,0.0797,0,2024-04-19 00:05:29.453
93634000,0.0002,0,2024-04-19 00:05:29.453
93703000,0.0349,1,2024-04-19 00:05:29.453
93708000,0.0024,1,2024-04-19 00:05:29.453
93737000,0.352,1,2024-04-19 00:05:29.453
93739000,0.0555,1,2024-04-19 00:05:29.453
93748000,0.0191,1,2024-04-19 00:05:29.453
93671000,0.0795,0,2024-04-19 00:05:34.620
93670000,0.0592,0,2024-04-19 00:05:34.620
93668000,0.0539,0,2024-04-19 00:05:34.620
93667000,0.1098,0,2024-04-19 00:05:34.620
93651000,0.0215,0,2024-04-19 00:05:34.620
93700000,0.1907,1,2024-04-19 00:05:34.620
93703000,0.0251,1,2024-04-19 00:05:34.620
93704000,0.0098,1,2024-04-19 00:05:34.620
93708000,0.0024,1,2024-04-19 00:05:34.620
93757000,0.0001,1,2024-04-19 00:05:34.620
93669000,0.0766,0,2024-04-19 00:05:39.735
93668000,0.054,0,2024-04-19 00:05:39.735
93667000,0.1098,0,2024-04-19 00:05:39.735
93651000,0.0215,0,2024-04-19 00:05:39.735
93646000,0.0627,0,2024-04-19 00:05:39.735
93699000,0.004,1,2024-04-19 00:05:39.735
93700000,0.1906,1,2024-04-19 00:05:39.735
93704000,0.0098,1,2024-04-19 00:05:39.735
93705000,0.0251,1,2024-04-19 00:05:39.735
93708000,0.0024,1,2024-04-19 00:05:39.735
93669000,0.0766,0,2024-04-19 00:05:44.837
93668000,0.0539,0,2024-04-19 00:05:44.837
93667000,0.1098,0,2024-04-19 00:05:44.837
93654000,0.1066,0,2024-04-19 00:05:44.837
93651000,0.0215,0,2024-04-19 00:05:44.837
93699000,0.0004,1,2024-04-19 00:05:44.837
93700000,0.1906,1,2024-04-19 00:05:44.837
93705000,0.0349,1,2024-04-19 00:05:44.837
93708000,0.0024,1,2024-04-19 00:05:44.837
93757000,0.0001,1,2024-04-19 00:05:44.837
93705000,0.0974,0,2024-04-19 00:05:49.948
93700000,0.0357,0,2024-04-19 00:05:49.948
93675000,0.062,0,2024-04-19 00:05:49.948
93674000,0.06,0,2024-04-19 00:05:49.948
93673000,0.1214,0,2024-04-19 00:05:49.948
93708000,0.0001,1,2024-04-19 00:05:49.948
93757000,0.0001,1,2024-04-19 00:05:49.948
93759000,0.0006,1,2024-04-19 00:05:49.948
93760000,0.0001,1,2024-04-19 00:05:49.948
93775000,0.0001,1,2024-04-19 00:05:49.948
93718000,0.0531,0,2024-04-19 00:05:55.112
93717000,0.0609,0,2024-04-19 00:05:55.112
93715000,0.0644,0,2024-04-19 00:05:55.112
93714000,0.0062,0,2024-04-19 00:05:55.112
93705000,0.352,0,2024-04-19 00:05:55.112
93757000,0.0001,1,2024-04-19 00:05:55.112
93759000,0.0006,1,2024-04-19 00:05:55.112
93760000,0.0001,1,2024-04-19 00:05:55.112
93775000,0.0001,1,2024-04-19 00:05:55.112
93777000,0.0003,1,2024-04-19 00:05:55.112
93700000,0.0289,0,2024-04-19 00:06:00.247
93699000,0.001,0,2024-04-19 00:06:00.247
93697000,0.0002,0,2024-04-19 00:06:00.247
93687000,0.0509,0,2024-04-19 00:06:00.247
93686000,0.0408,0,2024-04-19 00:06:00.247
93757000,0.0001,1,2024-04-19 00:06:00.247
93759000,0.0006,1,2024-04-19 00:06:00.247
93760000,0.0001,1,2024-04-19 00:06:00.247
93770000,0.0578,1,2024-04-19 00:06:00.247
93775000,0.0001,1,2024-04-19 00:06:00.247
93700000,0.0262,0,2024-04-19 00:06:05.352
93699000,0.0453,0,2024-04-19 00:06:05.352
93698000,0.0096,0,2024-04-19 00:06:05.352
93697000,0.0002,0,2024-04-19 00:06:05.352
93672000,0.1101,0,2024-04-19 00:06:05.352
93748000,0.02,1,2024-04-19 00:06:05.352
93749000,0.0538,1,2024-04-19 00:06:05.352
93752000,0.0091,1,2024-04-19 00:06:05.352
93753000,0.0219,1,2024-04-19 00:06:05.352
93756000,0.0434,1,2024-04-19 00:06:05.352
93749000,0.0093,0,2024-04-19 00:06:10.608
93744000,0.0001,0,2024-04-19 00:06:10.608
93702000,0.1157,0,2024-04-19 00:06:10.608
93701000,0.0633,0,2024-04-19 00:06:10.608
93700000,0.026,0,2024-04-19 00:06:10.608
93760000,0.0001,1,2024-04-19 00:06:10.608
93775000,0.0001,1,2024-04-19 00:06:10.608
93777000,0.0013,1,2024-04-19 00:06:10.608
93784000,0.001,1,2024-04-19 00:06:10.608
93795000,0.0006,1,2024-04-19 00:06:10.608
93709000,0.1157,0,2024-04-19 00:06:15.774
93708000,0.0346,0,2024-04-19 00:06:15.774
93701000,0.0633,0,2024-04-19 00:06:15.774
93700000,0.026,0,2024-04-19 00:06:15.774
93699000,0.0203,0,2024-04-19 00:06:15.774
93756000,0.0083,1,2024-04-19 00:06:15.774
93760000,0.0001,1,2024-04-19 00:06:15.774
93775000,0.0001,1,2024-04-19 00:06:15.774
93777000,0.0013,1,2024-04-19 00:06:15.774
93784000,0.0546,1,2024-04-19 00:06:15.774
93759000,0.0003,0,2024-04-19 00:06:20.880
93742000,0.0544,0,2024-04-19 00:06:20.880
93722000,0.1157,0,2024-04-19 00:06:20.880
93721000,0.0537,0,2024-04-19 00:06:20.880
93720000,0.0425,0,2024-04-19 00:06:20.880
93760000,0.0011,1,2024-04-19 00:06:20.880
93775000,0.0001,1,2024-04-19 00:06:20.880
93777000,0.0013,1,2024-04-19 00:06:20.880
93784000,0.001,1,2024-04-19 00:06:20.880
93795000,0.0006,1,2024-04-19 00:06:20.880
93756000,0.0531,0,2024-04-19 00:06:26.055
93728000,0.0004,0,2024-04-19 00:06:26.055
93720000,0.0426,0,2024-04-19 00:06:26.055
93716000,0.0346,0,2024-04-19 00:06:26.055
93701000,0.0633,0,2024-04-19 00:06:26.055
93760000,0.0014,1,2024-04-19 00:06:26.055
93775000,0.0001,1,2024-04-19 00:06:26.055
93777000,0.0013,1,2024-04-19 00:06:26.055
93782000,0.059,1,2024-04-19 00:06:26.055
93784000,0.001,1,2024-04-19 00:06:26.055
93728000,0.0014,0,2024-04-19 00:06:31.160
93720000,0.0428,0,2024-04-19 00:06:31.160
93716000,0.0346,0,2024-04-19 00:06:31.160
93713000,0.0003,0,2024-04-19 00:06:31.160
93701000,0.115,0,2024-04-19 00:06:31.160
93756000,0.0102,1,2024-04-19 00:06:31.160
93760000,0.012,1,2024-04-19 00:06:31.160
93775000,0.0001,1,2024-04-19 00:06:31.160
93777000,0.0551,1,2024-04-19 00:06:31.160
93781000,0.0088,1,2024-04-19 00:06:31.160
93742000,0.0001,0,2024-04-19 00:06:36.278
93730000,0.0001,0,2024-04-19 00:06:36.278
93729000,0.0001,0,2024-04-19 00:06:36.278
93728000,0.0014,0,2024-04-19 00:06:36.278
93722000,0.0346,0,2024-04-19 00:06:36.278
93756000,0.0095,1,2024-04-19 00:06:36.278
93759000,0.0527,1,2024-04-19 00:06:36.278
93760000,0.0117,1,2024-04-19 00:06:36.278
93775000,0.0001,1,2024-04-19 00:06:36.278
93777000,0.0013,1,2024-04-19 00:06:36.278
93742000,0.0003,0,2024-04-19 00:06:41.399
93734000,0.0002,0,2024-04-19 00:06:41.399
93733000,0.0001,0,2024-04-19 00:06:41.399
93729000,0.0001,0,2024-04-19 00:06:41.399
93728000,0.0013,0,2024-04-19 00:06:41.399
93756000,0.0335,1,2024-04-19 00:06:41.399
93759000,0.0527,1,2024-04-19 00:06:41.399
93760000,0.0117,1,2024-04-19 00:06:41.399
93775000,0.0001,1,2024-04-19 00:06:41.399
93777000,0.0013,1,2024-04-19 00:06:41.399
93743000,0.0003,0,2024-04-19 00:06:46.645
93729000,0.0001,0,2024-04-19 00:06:46.645
93728000,0.0013,0,2024-04-19 00:06:46.645
93727000,0.0346,0,2024-04-19 00:06:46.645
93720000,0.0491,0,2024-04-19 00:06:46.645
93756000,0.0126,1,2024-04-19 00:06:46.645
93759000,0.0527,1,2024-04-19 00:06:46.645
93760000,0.0117,1,2024-04-19 00:06:46.645
93775000,0.0001,1,2024-04-19 00:06:46.645
93777000,0.0013,1,2024-04-19 00:06:46.645
93743000,0.0003,0,2024-04-19 00:06:51.811
93732000,0.0003,0,2024-04-19 00:06:51.811
93728000,0.0013,0,2024-04-19 00:06:51.811
93727000,0.0346,0,2024-04-19 00:06:51.811
93720000,0.0491,0,2024-04-19 00:06:51.811
93756000,0.0137,1,2024-04-19 00:06:51.811
93759000,0.0527,1,2024-04-19 00:06:51.811
93760000,0.0117,1,2024-04-19 00:06:51.811
93775000,0.0001,1,2024-04-19 00:06:51.811
93777000,0.0013,1,2024-04-19 00:06:51.811
93730000,0.0346,0,2024-04-19 00:06:56.930
93729000,0.0001,0,2024-04-19 00:06:56.930
93728000,0.0013,0,2024-04-19 00:06:56.930
93720000,0.0491,0,2024-04-19 00:06:56.930
93719000,0.0003,0,2024-04-19 00:06:56.930
93743000,0.0008,1,2024-04-19 00:06:56.930
93753000,0.0318,1,2024-04-19 00:06:56.930
93756000,0.0137,1,2024-04-19 00:06:56.930
93759000,0.0527,1,2024-04-19 00:06:56.930
93760000,0.0117,1,2024-04-19 00:06:56.930
93743000,0.5213,0,2024-04-19 00:07:02.426
93730000,0.0346,0,2024-04-19 00:07:02.426
93729000,0.0001,0,2024-04-19 00:07:02.426
93728000,0.0013,0,2024-04-19 00:07:02.426
93720000,0.0491,0,2024-04-19 00:07:02.426
93753000,0.0062,1,2024-04-19 00:07:02.426
93756000,0.0137,1,2024-04-19 00:07:02.426
93759000,0.0527,1,2024-04-19 00:07:02.426
93760000,0.0117,1,2024-04-19 00:07:02.426
93761000,0.0602,1,2024-04-19 00:07:02.426
93743000,0.5404,0,2024-04-19 00:07:07.591
93732000,0.0346,0,2024-04-19 00:07:07.591
93728000,0.0013,0,2024-04-19 00:07:07.591
93720000,0.0491,0,2024-04-19 00:07:07.591
93700000,0.0773,0,2024-04-19 00:07:07.591
93753000,0.0539,1,2024-04-19 00:07:07.591
93755000,0.0538,1,2024-04-19 00:07:07.591
93756000,0.0137,1,2024-04-19 00:07:07.591
93757000,0.0265,1,2024-04-19 00:07:07.591
93758000,0.0534,1,2024-04-19 00:07:07.591
93743000,0.3906,0,2024-04-19 00:07:12.746
93732000,0.0346,0,2024-04-19 00:07:12.746
93728000,0.0013,0,2024-04-19 00:07:12.746
93720000,0.0491,0,2024-04-19 00:07:12.746
93712000,0.0002,0,2024-04-19 00:07:12.746
93753000,0.0418,1,2024-04-19 00:07:12.746
93756000,0.0137,1,2024-04-19 00:07:12.746
93759000,0.0527,1,2024-04-19 00:07:12.746
93760000,0.0117,1,2024-04-19 00:07:12.746
93775000,0.0001,1,2024-04-19 00:07:12.746
93743000,0.3907,0,2024-04-19 00:07:17.896
93734000,0.0346,0,2024-04-19 00:07:17.896
93728000,0.0013,0,2024-04-19 00:07:17.896
93723000,0.352,0,2024-04-19 00:07:17.896
93720000,0.0491,0,2024-04-19 00:07:17.896
93753000,0.0115,1,2024-04-19 00:07:17.896
93756000,0.0137,1,2024-04-19 00:07:17.896
93759000,0.0527,1,2024-04-19 00:07:17.896
93760000,0.0117,1,2024-04-19 00:07:17.896
93775000,0.0001,1,2024-04-19 00:07:17.896
93756000,0.0013,0,2024-04-19 00:07:23.261
93753000,0.0117,0,2024-04-19 00:07:23.261
93743000,0.3906,0,2024-04-19 00:07:23.261
93734000,0.0346,0,2024-04-19 00:07:23.261
93728000,0.0013,0,2024-04-19 00:07:23.261
93759000,0.0527,1,2024-04-19 00:07:23.261
93760000,0.0117,1,2024-04-19 00:07:23.261
93775000,0.0001,1,2024-04-19 00:07:23.261
93777000,0.0013,1,2024-04-19 00:07:23.261
93784000,0.001,1,2024-04-19 00:07:23.261
93753000,0.5012,0,2024-04-19 00:07:28.478
93743000,0.3906,0,2024-04-19 00:07:28.478
93737000,0.0096,0,2024-04-19 00:07:28.478
93728000,0.0013,0,2024-04-19 00:07:28.478
93724000,0.352,0,2024-04-19 00:07:28.478
93759000,0.0421,1,2024-04-19 00:07:28.478
93760000,0.0141,1,2024-04-19 00:07:28.478
93775000,0.0001,1,2024-04-19 00:07:28.478
93777000,0.0013,1,2024-04-19 00:07:28.478
93784000,0.001,1,2024-04-19 00:07:28.478
93753000,0.4185,0,2024-04-19 00:07:33.606
93743000,0.3906,0,2024-04-19 00:07:33.606
93737000,0.0346,0,2024-04-19 00:07:33.606
93728000,0.0013,0,2024-04-19 00:07:33.606
93723000,0.352,0,2024-04-19 00:07:33.606
93759000,0.0413,1,2024-04-19 00:07:33.606
93760000,0.0141,1,2024-04-19 00:07:33.606
93775000,0.0024,1,2024-04-19 00:07:33.606
93777000,0.0013,1,2024-04-19 00:07:33.606
93784000,0.001,1,2024-04-19 00:07:33.606
93753000,0.3409,0,2024-04-19 00:07:38.709
93743000,0.3906,0,2024-04-19 00:07:38.709
93737000,0.025,0,2024-04-19 00:07:38.709
93728000,0.0013,0,2024-04-19 00:07:38.709
93723000,0.352,0,2024-04-19 00:07:38.709
93759000,0.4197,1,2024-04-19 00:07:38.709
93760000,0.0141,1,2024-04-19 00:07:38.709
93775000,0.0024,1,2024-04-19 00:07:38.709
93777000,0.0013,1,2024-04-19 00:07:38.709
93784000,0.001,1,2024-04-19 00:07:38.709
93753000,0.3386,0,2024-04-19 00:07:43.830
93743000,0.3906,0,2024-04-19 00:07:43.830
93739000,0.0346,0,2024-04-19 00:07:43.830
93735000,0.352,0,2024-04-19 00:07:43.830
93728000,0.0013,0,2024-04-19 00:07:43.830
93759000,0.4154,1,2024-04-19 00:07:43.830
93760000,0.0141,1,2024-04-19 00:07:43.830
93775000,0.0024,1,2024-04-19 00:07:43.830
93777000,0.0013,1,2024-04-19 00:07:43.830
93784000,0.001,1,2024-04-19 00:07:43.830
93753000,0.3317,0,2024-04-19 00:07:48.994
93743000,0.3906,0,2024-04-19 00:07:48.994
93739000,0.0346,0,2024-04-19 00:07:48.994
93728000,0.0013,0,2024-04-19 00:07:48.994
93700000,0.0773,0,2024-04-19 00:07:48.994
93759000,0.4066,1,2024-04-19 00:07:48.994
93760000,0.0141,1,2024-04-19 00:07:48.994
93775000,0.0024,1,2024-04-19 00:07:48.994
93777000,0.0013,1,2024-04-19 00:07:48.994
93783000,0.0628,1,2024-04-19 00:07:48.994
93786000,0.0144,0,2024-04-19 00:07:54.228
93785000,0.0644,0,2024-04-19 00:07:54.228
93784000,0.0103,0,2024-04-19 00:07:54.228
93760000,0.0602,0,2024-04-19 00:07:54.228
93759000,0.4642,0,2024-04-19 00:07:54.228
93800000,0.0136,1,2024-04-19 00:07:54.228
93810000,0.0022,1,2024-04-19 00:07:54.228
93811000,0.0012,1,2024-04-19 00:07:54.228
93817000,0.0006,1,2024-04-19 00:07:54.228
93830000,0.0005,1,2024-04-19 00:07:54.228
93775000,0.352,0,2024-04-19 00:07:59.330
93760000,0.0552,0,2024-04-19 00:07:59.330
93759000,0.4539,0,2024-04-19 00:07:59.330
93754000,0.0002,0,2024-04-19 00:07:59.330
93753000,0.2787,0,2024-04-19 00:07:59.330
93786000,0.0242,1,2024-04-19 00:07:59.330
93787000,0.0023,1,2024-04-19 00:07:59.330
93800000,0.0136,1,2024-04-19 00:07:59.330
93811000,0.0012,1,2024-04-19 00:07:59.330
93817000,0.0006,1,2024-04-19 00:07:59.330
93760000,0.0551,0,2024-04-19 00:08:04.420
93759000,0.4784,0,2024-04-19 00:08:04.420
93757000,0.0652,0,2024-04-19 00:08:04.420
93756000,0.001,0,2024-04-19 00:08:04.420
93754000,0.0002,0,2024-04-19 00:08:04.420
93786000,0.0047,1,2024-04-19 00:08:04.420
93787000,0.0023,1,2024-04-19 00:08:04.420
93800000,0.0136,1,2024-04-19 00:08:04.420
93811000,0.0012,1,2024-04-19 00:08:04.420
93817000,0.0006,1,2024-04-19 00:08:04.420
93801000,0.0062,0,2024-04-19 00:08:09.521
93800000,0.051,0,2024-04-19 00:08:09.521
93788000,0.0732,0,2024-04-19 00:08:09.521
93786000,0.5599,0,2024-04-19 00:08:09.521
93776000,0.0002,0,2024-04-19 00:08:09.521
93817000,0.0001,1,2024-04-19 00:08:09.521
93830000,0.0005,1,2024-04-19 00:08:09.521
93831000,0.0016,1,2024-04-19 00:08:09.521
93836000,0.0004,1,2024-04-19 00:08:09.521
93842000,0.0011,1,2024-04-19 00:08:09.521
93812000,0.0061,0,2024-04-19 00:08:14.648
93811000,0.3166,0,2024-04-19 00:08:14.648
93807000,0.0545,0,2024-04-19 00:08:14.648
93800000,0.0505,0,2024-04-19 00:08:14.648
93788000,0.0732,0,2024-04-19 00:08:14.648
93857000,0.0823,1,2024-04-19 00:08:14.648
93863000,0.006,1,2024-04-19 00:08:14.648
93870000,0.0099,1,2024-04-19 00:08:14.648
93877000,0.0006,1,2024-04-19 00:08:14.648
93879000,0.0013,1,2024-04-19 00:08:14.648
93814000,0.0602,0,2024-04-19 00:08:19.820
93813000,0.1049,0,2024-04-19 00:08:19.820
93812000,0.1195,0,2024-04-19 00:08:19.820
93800000,0.0503,0,2024-04-19 00:08:19.820
93786000,0.5812,0,2024-04-19 00:08:19.820
93857000,0.0329,1,2024-04-19 00:08:19.820
93863000,0.006,1,2024-04-19 00:08:19.820
93870000,0.0099,1,2024-04-19 00:08:19.820
93877000,0.0006,1,2024-04-19 00:08:19.820
93879000,0.0003,1,2024-04-19 00:08:19.820
93877000,0.2587,0,2024-04-19 00:08:24.978
93858000,0.0003,0,2024-04-19 00:08:24.978
93815000,0.0454,0,2024-04-19 00:08:24.978
93813000,0.0455,0,2024-04-19 00:08:24.978
93812000,0.1133,0,2024-04-19 00:08:24.978
93879000,0.0006,1,2024-04-19 00:08:24.978
93885000,0.0005,1,2024-04-19 00:08:24.978
93889000,0.0009,1,2024-04-19 00:08:24.978
93890000,0.0005,1,2024-04-19 00:08:24.978
93891000,0.0046,1,2024-04-19 00:08:24.978
93885000,0.1134,0,2024-04-19 00:08:30.082
93877000,0.3372,0,2024-04-19 00:08:30.082
93857000,0.0262,0,2024-04-19 00:08:30.082
93828000,0.0607,0,2024-04-19 00:08:30.082
93815000,0.0454,0,2024-04-19 00:08:30.082
93891000,0.0031,1,2024-04-19 00:08:30.082
93896000,0.0005,1,2024-04-19 00:08:30.082
93900000,0.1414,1,2024-04-19 00:08:30.082
93905000,0.0004,1,2024-04-19 00:08:30.082
93907000,0.0004,1,2024-04-19 00:08:30.082
93857000,0.0107,0,2024-04-19 00:08:35.209
93815000,0.0454,0,2024-04-19 00:08:35.209
93813000,0.0454,0,2024-04-19 00:08:35.209
93800000,0.0508,0,2024-04-19 00:08:35.209
93795000,0.025,0,2024-04-19 00:08:35.209
93877000,0.1079,1,2024-04-19 00:08:35.209
93882000,0.1605,1,2024-04-19 00:08:35.209
93883000,0.081,1,2024-04-19 00:08:35.209
93884000,0.0091,1,2024-04-19 00:08:35.209
93886000,0.0983,1,2024-04-19 00:08:35.209
93900000,0.0075,0,2024-04-19 00:08:40.357
93886000,0.0573,0,2024-04-19 00:08:40.357
93883000,0.0595,0,2024-04-19 00:08:40.357
93882000,0.0558,0,2024-04-19 00:08:40.357
93880000,0.0558,0,2024-04-19 00:08:40.357
93905000,0.0004,1,2024-04-19 00:08:40.357
93907000,0.0004,1,2024-04-19 00:08:40.357
93911000,0.0005,1,2024-04-19 00:08:40.357
93922000,0.1064,1,2024-04-19 00:08:40.357
93925000,0.0002,1,2024-04-19 00:08:40.357
93912000,0.0296,0,2024-04-19 00:08:45.452
93911000,0.0529,0,2024-04-19 00:08:45.452
93908000,0.0065,0,2024-04-19 00:08:45.452
93907000,0.1132,0,2024-04-19 00:08:45.452
93901000,0.064,0,2024-04-19 00:08:45.452
93990000,0.0043,1,2024-04-19 00:08:45.452
93992000,0.0008,1,2024-04-19 00:08:45.452
93993000,0.001,1,2024-04-19 00:08:45.452
93994000,0.0142,1,2024-04-19 00:08:45.452
93995000,0.1068,1,2024-04-19 00:08:45.452
93925000,0.0175,0,2024-04-19 00:08:50.562
93913000,0.0005,0,2024-04-19 00:08:50.562
93912000,0.1584,0,2024-04-19 00:08:50.562
93911000,0.4532,0,2024-04-19 00:08:50.562
93907000,0.0002,0,2024-04-19 00:08:50.562
93991000,0.062,1,2024-04-19 00:08:50.562
93992000,0.1187,1,2024-04-19 00:08:50.562
93993000,0.0585,1,2024-04-19 00:08:50.562
93994000,0.0097,1,2024-04-19 00:08:50.562
93995000,0.1068,1,2024-04-19 00:08:50.562
93928000,0.0268,0,2024-04-19 00:08:55.649
93925000,0.0185,0,2024-04-19 00:08:55.649
93913000,0.0005,0,2024-04-19 00:08:55.649
93905000,0.1098,0,2024-04-19 00:08:55.649
93891000,0.0154,0,2024-04-19 00:08:55.649
93982000,0.0571,1,2024-04-19 00:08:55.649
93983000,0.0001,1,2024-04-19 00:08:55.649
93984000,0.0356,1,2024-04-19 00:08:55.649
93988000,0.1192,1,2024-04-19 00:08:55.649
93990000,0.0538,1,2024-04-19 00:08:55.649
93971000,0.0008,0,2024-04-19 00:09:00.851
93928000,0.137,0,2024-04-19 00:09:00.851
93925000,0.0011,0,2024-04-19 00:09:00.851
93907000,0.0808,0,2024-04-19 00:09:00.851
93906000,0.0541,0,2024-04-19 00:09:00.851
93995000,0.009,1,2024-04-19 00:09:00.851
93996000,0.0002,1,2024-04-19 00:09:00.851
93998000,0.0023,1,2024-04-19 00:09:00.851
93999000,0.0339,1,2024-04-19 00:09:00.851
94000000,2.5172,1,2024-04-19 00:09:00.851
93971000,0.0995,0,2024-04-19 00:09:06.150
93928000,0.1376,0,2024-04-19 00:09:06.150
93925000,0.0022,0,2024-04-19 00:09:06.150
93906000,0.0539,0,2024-04-19 00:09:06.150
93905000,0.1098,0,2024-04-19 00:09:06.150
93990000,0.0043,1,2024-04-19 00:09:06.150
93995000,0.1871,1,2024-04-19 00:09:06.150
93996000,0.0002,1,2024-04-19 00:09:06.150
93998000,0.0023,1,2024-04-19 00:09:06.150
93999000,0.0339,1,2024-04-19 00:09:06.150
93971000,0.0093,0,2024-04-19 00:09:11.263
93970000,0.0491,0,2024-04-19 00:09:11.263
93928000,0.1378,0,2024-04-19 00:09:11.263
93925000,0.002,0,2024-04-19 00:09:11.263
93905000,0.1098,0,2024-04-19 00:09:11.263
93972000,0.0652,1,2024-04-19 00:09:11.263
93973000,0.019,1,2024-04-19 00:09:11.263
93974000,0.0219,1,2024-04-19 00:09:11.263
93976000,0.0166,1,2024-04-19 00:09:11.263
93981000,0.0856,1,2024-04-19 00:09:11.263
93960000,0.0091,0,2024-04-19 00:09:16.361
93958000,0.0254,0,2024-04-19 00:09:16.361
93957000,0.0177,0,2024-04-19 00:09:16.361
93955000,0.0094,0,2024-04-19 00:09:16.361
93953000,0.0262,0,2024-04-19 00:09:16.361
93989000,0.0632,1,2024-04-19 00:09:16.361
93990000,0.0021,1,2024-04-19 00:09:16.361
93995000,0.1871,1,2024-04-19 00:09:16.361
93996000,0.0002,1,2024-04-19 00:09:16.361
93998000,0.0023,1,2024-04-19 00:09:16.361
93930000,0.0571,0,2024-04-19 00:09:21.832
93929000,0.0647,0,2024-04-19 00:09:21.832
93928000,0.0246,0,2024-04-19 00:09:21.832
93926000,0.0552,0,2024-04-19 00:09:21.832
93925000,0.002,0,2024-04-19 00:09:21.832
93960000,0.0964,1,2024-04-19 00:09:21.832
93995000,0.101,1,2024-04-19 00:09:21.832
93996000,0.0002,1,2024-04-19 00:09:21.832
93998000,0.0023,1,2024-04-19 00:09:21.832
93999000,0.0339,1,2024-04-19 00:09:21.832
93951000,0.064,0,2024-04-19 00:09:26.927
93950000,0.0062,0,2024-04-19 00:09:26.927
93935000,0.1767,0,2024-04-19 00:09:26.927
93934000,0.0588,0,2024-04-19 00:09:26.927
93933000,0.0649,0,2024-04-19 00:09:26.927
93995000,0.0788,1,2024-04-19 00:09:26.927
93996000,0.0044,1,2024-04-19 00:09:26.927
93998000,0.0023,1,2024-04-19 00:09:26.927
93999000,0.0379,1,2024-04-19 00:09:26.927
94000000,2.5253,1,2024-04-19 00:09:26.927
93952000,0.1063,0,2024-04-19 00:09:32.053
93951000,0.0654,0,2024-04-19 00:09:32.053
93950000,0.0062,0,2024-04-19 00:09:32.053
93935000,0.0002,0,2024-04-19 00:09:32.053
93933000,0.2398,0,2024-04-19 00:09:32.053
94000000,1.9444,1,2024-04-19 00:09:32.053
94009000,0.0001,1,2024-04-19 00:09:32.053
94011000,0.0004,1,2024-04-19 00:09:32.053
94012000,0.0004,1,2024-04-19 00:09:32.053
94014000,0.001,1,2024-04-19 00:09:32.053
93958000,0.0136,0,2024-04-19 00:09:37.189
93951000,0.0654,0,2024-04-19 00:09:37.189
93950000,0.0062,0,2024-04-19 00:09:37.189
93935000,0.0002,0,2024-04-19 00:09:37.189
93933000,0.2398,0,2024-04-19 00:09:37.189
94000000,1.9169,1,2024-04-19 00:09:37.189
94009000,0.0001,1,2024-04-19 00:09:37.189
94011000,0.0004,1,2024-04-19 00:09:37.189
94012000,0.0004,1,2024-04-19 00:09:37.189
94014000,0.001,1,2024-04-19 00:09:37.189
93958000,0.0144,0,2024-04-19 00:09:42.521
93951000,0.003,0,2024-04-19 00:09:42.521
93950000,0.0062,0,2024-04-19 00:09:42.521
93938000,0.1062,0,2024-04-19 00:09:42.521
93935000,0.0002,0,2024-04-19 00:09:42.521
94000000,1.6438,1,2024-04-19 00:09:42.521
94009000,0.0001,1,2024-04-19 00:09:42.521
94011000,0.0004,1,2024-04-19 00:09:42.521
94012000,0.0004,1,2024-04-19 00:09:42.521
94014000,0.001,1,2024-04-19 00:09:42.521
93969000,0.0633,0,2024-04-19 00:09:47.669
93968000,0.0212,0,2024-04-19 00:09:47.669
93967000,0.0159,0,2024-04-19 00:09:47.669
93966000,0.0001,0,2024-04-19 00:09:47.669
93960000,0.0159,0,2024-04-19 00:09:47.669
94000000,1.611,1,2024-04-19 00:09:47.669
94009000,0.0001,1,2024-04-19 00:09:47.669
94011000,0.0004,1,2024-04-19 00:09:47.669
94012000,0.0004,1,2024-04-19 00:09:47.669
94014000,0.001,1,2024-04-19 00:09:47.669
93969000,0.1135,0,2024-04-19 00:09:52.772
93968000,0.0212,0,2024-04-19 00:09:52.772
93967000,0.0159,0,2024-04-19 00:09:52.772
93966000,0.0001,0,2024-04-19 00:09:52.772
93960000,0.1062,0,2024-04-19 00:09:52.772
94000000,1.5218,1,2024-04-19 00:09:52.772
94009000,0.0001,1,2024-04-19 00:09:52.772
94011000,0.0004,1,2024-04-19 00:09:52.772
94012000,0.0004,1,2024-04-19 00:09:52.772
94014000,0.001,1,2024-04-19 00:09:52.772
93970000,0.1062,0,2024-04-19 00:09:57.913
93969000,0.0156,0,2024-04-19 00:09:57.913
93968000,0.0212,0,2024-04-19 00:09:57.913
93967000,0.0265,0,2024-04-19 00:09:57.913
93966000,0.0001,0,2024-04-19 00:09:57.913
94000000,0.0433,1,2024-04-19 00:09:57.913
94009000,0.0001,1,2024-04-19 00:09:57.913
94011000,0.0004,1,2024-04-19 00:09:57.913
94012000,0.0004,1,2024-04-19 00:09:57.913
94014000,0.0015,1,2024-04-19 00:09:57.913
94051000,0.0624,0,2024-04-19 00:10:03.003
94050000,0.0008,0,2024-04-19 00:10:03.003
94000000,0.2974,0,2024-04-19 00:10:03.003
93984000,0.0002,0,2024-04-19 00:10:03.003
93976000,0.0265,0,2024-04-19 00:10:03.003
94070000,0.0889,1,2024-04-19 00:10:03.003
94071000,0.0333,1,2024-04-19 00:10:03.003
94075000,0.0005,1,2024-04-19 00:10:03.003
94076000,0.1179,1,2024-04-19 00:10:03.003
94080000,0.0001,1,2024-04-19 00:10:03.003
94070000,0.8813,0,2024-04-19 00:10:08.102
94050000,0.0016,0,2024-04-19 00:10:08.102
94000000,0.2861,0,2024-04-19 00:10:08.102
93984000,0.0002,0,2024-04-19 00:10:08.102
93976000,0.0265,0,2024-04-19 00:10:08.102
94071000,0.0265,1,2024-04-19 00:10:08.102
94075000,0.0005,1,2024-04-19 00:10:08.102
94076000,0.1179,1,2024-04-19 00:10:08.102
94080000,0.0001,1,2024-04-19 00:10:08.102
94084000,0.0012,1,2024-04-19 00:10:08.102
94070000,0.9374,0,2024-04-19 00:10:13.224
94050000,0.0016,0,2024-04-19 00:10:13.224
94000000,0.1045,0,2024-04-19 00:10:13.224
93984000,0.0002,0,2024-04-19 00:10:13.224
93983000,0.0624,0,2024-04-19 00:10:13.224
94122000,0.026,1,2024-04-19 00:10:13.224
94123000,0.1023,1,2024-04-19 00:10:13.224
94124000,0.001,1,2024-04-19 00:10:13.224
94127000,0.0232,1,2024-04-19 00:10:13.224
94128000,0.0191,1,2024-04-19 00:10:13.224
94027000,0.0001,0,2024-04-19 00:10:18.318
94000000,0.1315,0,2024-04-19 00:10:18.318
93972000,0.0096,0,2024-04-19 00:10:18.318
93970000,0.0249,0,2024-04-19 00:10:18.318
93969000,0.1,0,2024-04-19 00:10:18.318
94050000,0.178,1,2024-04-19 00:10:18.318
94089000,0.0255,1,2024-04-19 00:10:18.318
94093000,0.0091,1,2024-04-19 00:10:18.318
94094000,0.0166,1,2024-04-19 00:10:18.318
94097000,0.0244,1,2024-04-19 00:10:18.318
94000000,0.0001,0,2024-04-19 00:10:23.431
93974000,0.0008,0,2024-04-19 00:10:23.431
93970000,0.0002,0,2024-04-19 00:10:23.431
93969000,0.1,0,2024-04-19 00:10:23.431
93968000,0.0212,0,2024-04-19 00:10:23.431
94017000,0.0219,1,2024-04-19 00:10:23.431
94018000,0.0113,1,2024-04-19 00:10:23.431
94033000,0.0189,1,2024-04-19 00:10:23.431
94034000,0.0191,1,2024-04-19 00:10:23.431
94038000,1.3774,1,2024-04-19 00:10:23.431
93980000,0.0041,0,2024-04-19 00:10:28.516
93978000,0.0001,0,2024-04-19 00:10:28.516
93977000,0.0179,0,2024-04-19 00:10:28.516
93976000,0.0012,0,2024-04-19 00:10:28.516
93961000,0.0002,0,2024-04-19 00:10:28.516
94015000,0.1283,1,2024-04-19 00:10:28.516
94016000,0.038,1,2024-04-19 00:10:28.516
94030000,0.0042,1,2024-04-19 00:10:28.516
94037000,0.0005,1,2024-04-19 00:10:28.516
94042000,0.0262,1,2024-04-19 00:10:28.516
93982000,0.0345,0,2024-04-19 00:10:33.675
93971000,0.001,0,2024-04-19 00:10:33.675
93947000,0.0012,0,2024-04-19 00:10:33.675
93943000,0.0794,0,2024-04-19 00:10:33.675
93942000,0.1458,0,2024-04-19 00:10:33.675
94016000,0.0002,1,2024-04-19 00:10:33.675
94030000,0.0042,1,2024-04-19 00:10:33.675
94037000,0.0005,1,2024-04-19 00:10:33.675
94070000,0.0008,1,2024-04-19 00:10:33.675
94097000,0.127,1,2024-04-19 00:10:33.675
94016000,0.0006,0,2024-04-19 00:10:38.769
93990000,0.0487,0,2024-04-19 00:10:38.769
93983000,0.0002,0,2024-04-19 00:10:38.769
93982000,0.0345,0,2024-04-19 00:10:38.769
93971000,0.001,0,2024-04-19 00:10:38.769
94030000,0.0042,1,2024-04-19 00:10:38.769
94037000,0.0005,1,2024-04-19 00:10:38.769
94050000,0.081,1,2024-04-19 00:10:38.769
94070000,0.0008,1,2024-04-19 00:10:38.769
94100000,0.0106,1,2024-04-19 00:10:38.769
94016000,0.3829,0,2024-04-19 00:10:43.890
94015000,0.0002,0,2024-04-19 00:10:43.890
93995000,0.0106,0,2024-04-19 00:10:43.890
93983000,0.0002,0,2024-04-19 00:10:43.890
93982000,0.1069,0,2024-04-19 00:10:43.890
94070000,0.0008,1,2024-04-19 00:10:43.890
94100000,0.0106,1,2024-04-19 00:10:43.890
94102000,0.1277,1,2024-04-19 00:10:43.890
94103000,0.0264,1,2024-04-19 00:10:43.890
94105000,0.0634,1,2024-04-19 00:10:43.890
94070000,0.0201,0,2024-04-19 00:10:48.990
94016000,0.2856,0,2024-04-19 00:10:48.990
94015000,0.0002,0,2024-04-19 00:10:48.990
93999000,0.038,0,2024-04-19 00:10:48.990
93995000,0.0008,0,2024-04-19 00:10:48.990
94092000,0.038,1,2024-04-19 00:10:48.990
94100000,0.0119,1,2024-04-19 00:10:48.990
94110000,0.0179,1,2024-04-19 00:10:48.990
94111000,0.0006,1,2024-04-19 00:10:48.990
94114000,0.0243,1,2024-04-19 00:10:48.990
94021000,0.0368,0,2024-04-19 00:10:54.114
94016000,0.2856,0,2024-04-19 00:10:54.114
94015000,0.0002,0,2024-04-19 00:10:54.114
93995000,0.0009,0,2024-04-19 00:10:54.114
93992000,0.0096,0,2024-04-19 00:10:54.114
94070000,0.0001,1,2024-04-19 00:10:54.114
94092000,0.0368,1,2024-04-19 00:10:54.114
94100000,0.0119,1,2024-04-19 00:10:54.114
94110000,0.0002,1,2024-04-19 00:10:54.114
94111000,0.0006,1,2024-04-19 00:10:54.114
94092000,0.3156,0,2024-04-19 00:10:59.263
94016000,0.2856,0,2024-04-19 00:10:59.263
94015000,0.0002,0,2024-04-19 00:10:59.263
94010000,0.0096,0,2024-04-19 00:10:59.263
93995000,0.0009,0,2024-04-19 00:10:59.263
94100000,0.0083,1,2024-04-19 00:10:59.263
94110000,0.0002,1,2024-04-19 00:10:59.263
94111000,0.0006,1,2024-04-19 00:10:59.263
94117000,0.0318,1,2024-04-19 00:10:59.263
94118000,0.005,1,2024-04-19 00:10:59.263
94109000,0.5872,0,2024-04-19 00:11:04.353
94092000,0.3078,0,2024-04-19 00:11:04.353
94016000,0.2856,0,2024-04-19 00:11:04.353
94015000,0.0002,0,2024-04-19 00:11:04.353
94010000,0.0096,0,2024-04-19 00:11:04.353
94118000,0.0029,1,2024-04-19 00:11:04.353
94123000,0.0818,1,2024-04-19 00:11:04.353
94124000,0.0011,1,2024-04-19 00:11:04.353
94129000,0.0009,1,2024-04-19 00:11:04.353
94135000,0.0007,1,2024-04-19 00:11:04.353
94028000,0.0096,0,2024-04-19 00:11:09.438
94025000,0.0249,0,2024-04-19 00:11:09.438
94016000,0.2856,0,2024-04-19 00:11:09.438
94015000,0.0002,0,2024-04-19 00:11:09.438
93998000,0.0077,0,2024-04-19 00:11:09.438
94062000,0.0226,1,2024-04-19 00:11:09.438
94075000,0.0057,1,2024-04-19 00:11:09.438
94078000,0.0272,1,2024-04-19 00:11:09.438
94080000,0.0581,1,2024-04-19 00:11:09.438
94091000,0.0325,1,2024-04-19 00:11:09.438
94062000,0.0667,0,2024-04-19 00:11:14.554
94039000,0.0133,0,2024-04-19 00:11:14.554
94030000,0.0244,0,2024-04-19 00:11:14.554
94028000,0.0096,0,2024-04-19 00:11:14.554
94025000,0.0275,0,2024-04-19 00:11:14.554
94073000,0.1062,1,2024-04-19 00:11:14.554
94078000,0.0174,1,2024-04-19 00:11:14.554
94103000,0.0287,1,2024-04-19 00:11:14.554
94109000,0.3168,1,2024-04-19 00:11:14.554
94110000,0.009,1,2024-04-19 00:11:14.554
94035000,0.0001,0,2024-04-19 00:11:19.651
94016000,0.5248,0,2024-04-19 00:11:19.651
94015000,0.0002,0,2024-04-19 00:11:19.651
93999000,0.0001,0,2024-04-19 00:11:19.651
93998000,0.0077,0,2024-04-19 00:11:19.651
94038000,0.011,1,2024-04-19 00:11:19.651
94039000,0.1408,1,2024-04-19 00:11:19.651
94040000,0.0205,1,2024-04-19 00:11:19.651
94042000,0.0051,1,2024-04-19 00:11:19.651
94055000,0.0078,1,2024-04-19 00:11:19.651
94016000,0.1633,0,2024-04-19 00:11:24.766
94015000,0.0002,0,2024-04-19 00:11:24.766
94000000,0.001,0,2024-04-19 00:11:24.766
93999000,0.0001,0,2024-04-19 00:11:24.766
93998000,0.0077,0,2024-04-19 00:11:24.766
94030000,0.0194,1,2024-04-19 00:11:24.766
94038000,0.0347,1,2024-04-19 00:11:24.766
94039000,0.13,1,2024-04-19 00:11:24.766
94042000,0.0569,1,2024-04-19 00:11:24.766
94047000,0.0104,1,2024-04-19 00:11:24.766
94024000,0.0021,0,2024-04-19 00:11:29.915
94016000,0.1003,0,2024-04-19 00:11:29.915
94015000,0.0002,0,2024-04-19 00:11:29.915
94000000,0.001,0,2024-04-19 00:11:29.915
93999000,0.0001,0,2024-04-19 00:11:29.915
94038000,0.0222,1,2024-04-19 00:11:29.915
94039000,0.1494,1,2024-04-19 00:11:29.915
94041000,0.009,1,2024-04-19 00:11:29.915
94042000,0.0569,1,2024-04-19 00:11:29.915
94048000,0.0272,1,2024-04-19 00:11:29.915
94019000,0.0001,0,2024-04-19 00:11:35.430
94018000,0.06,0,2024-04-19 00:11:35.430
94017000,0.4433,0,2024-04-19 00:11:35.430
94012000,0.027,0,2024-04-19 00:11:35.430
94011000,0.0001,0,2024-04-19 00:11:35.430
94038000,0.0031,1,2024-04-19 00:11:35.430
94039000,0.1087,1,2024-04-19 00:11:35.430
94043000,0.0002,1,2024-04-19 00:11:35.430
94052000,0.0274,1,2024-04-19 00:11:35.430
94060000,0.1063,1,2024-04-19 00:11:35.430
93982000,0.0016,0,2024-04-19 00:11:40.548
93978000,0.0002,0,2024-04-19 00:11:40.548
93971000,0.1001,0,2024-04-19 00:11:40.548
93954000,0.0001,0,2024-04-19 00:11:40.548
93950000,0.0004,0,2024-04-19 00:11:40.548
94012000,0.0272,1,2024-04-19 00:11:40.548
94013000,0.1043,1,2024-04-19 00:11:40.548
94016000,0.0609,1,2024-04-19 00:11:40.548
94017000,0.1745,1,2024-04-19 00:11:40.548
94022000,0.0625,1,2024-04-19 00:11:40.548
93964000,0.001,0,2024-04-19 00:11:45.638
93958000,0.0225,0,2024-04-19 00:11:45.638
93957000,0.0001,0,2024-04-19 00:11:45.638
93955000,0.0002,0,2024-04-19 00:11:45.638
93939000,0.0602,0,2024-04-19 00:11:45.638
93969000,0.0024,1,2024-04-19 00:11:45.638
93971000,0.1183,1,2024-04-19 00:11:45.638
94008000,0.0057,1,2024-04-19 00:11:45.638
94012000,0.0272,1,2024-04-19 00:11:45.638
94013000,0.1043,1,2024-04-19 00:11:45.638
93971000,0.299,0,2024-04-19 00:11:50.741
93964000,0.001,0,2024-04-19 00:11:50.741
93959000,0.0008,0,2024-04-19 00:11:50.741
93933000,0.0339,0,2024-04-19 00:11:50.741
93925000,0.0018,0,2024-04-19 00:11:50.741
93975000,0.0625,1,2024-04-19 00:11:50.741
94012000,0.0639,1,2024-04-19 00:11:50.741
94016000,0.0002,1,2024-04-19 00:11:50.741
94017000,0.176,1,2024-04-19 00:11:50.741
94023000,0.0097,1,2024-04-19 00:11:50.741
93975000,0.0013,0,2024-04-19 00:11:56.154
93971000,0.1829,0,2024-04-19 00:11:56.154
93964000,0.001,0,2024-04-19 00:11:56.154
93959000,0.0008,0,2024-04-19 00:11:56.154
93925000,0.0018,0,2024-04-19 00:11:56.154
93989000,0.0325,1,2024-04-19 00:11:56.154
93997000,0.0625,1,2024-04-19 00:11:56.154
94001000,0.0587,1,2024-04-19 00:11:56.154
94002000,0.1064,1,2024-04-19 00:11:56.154
94003000,0.0564,1,2024-04-19 00:11:56.154
93971000,0.1742,0,2024-04-19 00:12:01.367
93964000,0.001,0,2024-04-19 00:12:01.367
93959000,0.0008,0,2024-04-19 00:12:01.367
93957000,0.0012,0,2024-04-19 00:12:01.367
93925000,0.0018,0,2024-04-19 00:12:01.367
93989000,0.1064,1,2024-04-19 00:12:01.367
93994000,0.1088,1,2024-04-19 00:12:01.367
93997000,0.0396,1,2024-04-19 00:12:01.367
94000000,0.0026,1,2024-04-19 00:12:01.367
94001000,0.0587,1,2024-04-19 00:12:01.367
93890000,0.1052,0,2024-04-19 00:12:06.513
93877000,0.0006,0,2024-04-19 00:12:06.513
93876000,0.0001,0,2024-04-19 00:12:06.513
93870000,0.0008,0,2024-04-19 00:12:06.513
93864000,0.001,0,2024-04-19 00:12:06.513
93925000,0.0005,1,2024-04-19 00:12:06.513
93941000,0.076,1,2024-04-19 00:12:06.513
93963000,0.0581,1,2024-04-19 00:12:06.513
93964000,0.3,1,2024-04-19 00:12:06.513
93972000,0.0002,1,2024-04-19 00:12:06.513
93891000,0.0424,0,2024-04-19 00:12:11.623
93890000,0.0919,0,2024-04-19 00:12:11.623
93888000,0.0322,0,2024-04-19 00:12:11.623
93882000,0.0102,0,2024-04-19 00:12:11.623
93878000,0.0312,0,2024-04-19 00:12:11.623
93905000,0.1871,1,2024-04-19 00:12:11.623
93925000,0.0096,1,2024-04-19 00:12:11.623
93964000,0.3,1,2024-04-19 00:12:11.623
93972000,0.0002,1,2024-04-19 00:12:11.623
93982000,0.0619,1,2024-04-19 00:12:11.623
93969000,0.0001,0,2024-04-19 00:12:16.705
93966000,0.0537,0,2024-04-19 00:12:16.705
93965000,0.0001,0,2024-04-19 00:12:16.705
93954000,0.0166,0,2024-04-19 00:12:16.705
93950000,0.0193,0,2024-04-19 00:12:16.705
93972000,0.0002,1,2024-04-19 00:12:16.705
93984000,0.0106,1,2024-04-19 00:12:16.705
93997000,0.0041,1,2024-04-19 00:12:16.705
94000000,0.0026,1,2024-04-19 00:12:16.705
94004000,0.0002,1,2024-04-19 00:12:16.705
93982000,0.0167,0,2024-04-19 00:12:21.797
93978000,0.0198,0,2024-04-19 00:12:21.797
93974000,0.023,0,2024-04-19 00:12:21.797
93973000,0.0203,0,2024-04-19 00:12:21.797
93972000,0.0001,0,2024-04-19 00:12:21.797
93996000,0.016,1,2024-04-19 00:12:21.797
94004000,0.0002,1,2024-04-19 00:12:21.797
94009000,0.0254,1,2024-04-19 00:12:21.797
94016000,0.0002,1,2024-04-19 00:12:21.797
94017000,0.176,1,2024-04-19 00:12:21.797
93990000,0.0413,0,2024-04-19 00:12:26.932
93986000,0.0225,0,2024-04-19 00:12:26.932
93982000,0.0107,0,2024-04-19 00:12:26.932
93981000,0.0197,0,2024-04-19 00:12:26.932
93979000,0.0001,0,2024-04-19 00:12:26.932
94004000,0.0002,1,2024-04-19 00:12:26.932
94006000,0.0319,1,2024-04-19 00:12:26.932
94007000,0.035,1,2024-04-19 00:12:26.932
94016000,0.0002,1,2024-04-19 00:12:26.932
94017000,0.176,1,2024-04-19 00:12:26.932
94004000,0.0008,0,2024-04-19 00:12:32.086
94000000,0.0001,0,2024-04-19 00:12:32.086
93996000,0.0644,0,2024-04-19 00:12:32.086
93988000,0.0029,0,2024-04-19 00:12:32.086
93985000,0.0142,0,2024-04-19 00:12:32.086
94007000,0.0322,1,2024-04-19 00:12:32.086
94016000,0.0002,1,2024-04-19 00:12:32.086
94017000,0.176,1,2024-04-19 00:12:32.086
94020000,0.007,1,2024-04-19 00:12:32.086
94028000,0.054,1,2024-04-19 00:12:32.086
93997000,0.0001,0,2024-04-19 00:12:37.190
93996000,0.0798,0,2024-04-19 00:12:37.190
93994000,0.0167,0,2024-04-19 00:12:37.190
93992000,0.0244,0,2024-04-19 00:12:37.190
93990000,0.0002,0,2024-04-19 00:12:37.190
94007000,0.0255,1,2024-04-19 00:12:37.190
94008000,0.0069,1,2024-04-19 00:12:37.190
94016000,0.0002,1,2024-04-19 00:12:37.190
94017000,0.176,1,2024-04-19 00:12:37.190
94020000,0.007,1,2024-04-19 00:12:37.190
94035000,0.019,0,2024-04-19 00:12:42.280
94034000,0.0938,0,2024-04-19 00:12:42.280
94033000,0.0204,0,2024-04-19 00:12:42.280
94032000,0.0837,0,2024-04-19 00:12:42.280
94031000,0.043,0,2024-04-19 00:12:42.280
94038000,0.0031,1,2024-04-19 00:12:42.280
94040000,0.0065,1,2024-04-19 00:12:42.280
94043000,0.0002,1,2024-04-19 00:12:42.280
94049000,0.0001,1,2024-04-19 00:12:42.280
94064000,0.1063,1,2024-04-19 00:12:42.280
94011000,0.0002,0,2024-04-19 00:12:47.375
94007000,0.0403,0,2024-04-19 00:12:47.375
94005000,0.0576,0,2024-04-19 00:12:47.375
93999000,0.0001,0,2024-04-19 00:12:47.375
93998000,0.0001,0,2024-04-19 00:12:47.375
94037000,0.0346,1,2024-04-19 00:12:47.375
94038000,0.0031,1,2024-04-19 00:12:47.375
94040000,0.0065,1,2024-04-19 00:12:47.375
94043000,0.0002,1,2024-04-19 00:12:47.375
94049000,0.0001,1,2024-04-19 00:12:47.375
94007000,0.039,0,2024-04-19 00:12:52.490
93996000,0.0531,0,2024-04-19 00:12:52.490
93995000,0.0249,0,2024-04-19 00:12:52.490
93991000,0.0096,0,2024-04-19 00:12:52.490
93972000,0.001,0,2024-04-19 00:12:52.490
94020000,0.0002,1,2024-04-19 00:12:52.490
94021000,0.0333,1,2024-04-19 00:12:52.490
94023000,0.0243,1,2024-04-19 00:12:52.490
94025000,0.0254,1,2024-04-19 00:12:52.490
94027000,0.016,1,2024-04-19 00:12:52.490
93997000,0.0341,0,2024-04-19 00:12:57.587
93996000,0.0531,0,2024-04-19 00:12:57.587
93995000,0.0249,0,2024-04-19 00:12:57.587
93988000,0.1,0,2024-04-19 00:12:57.587
93987000,0.0198,0,2024-04-19 00:12:57.587
94038000,0.0032,1,2024-04-19 00:12:57.587
94039000,0.0003,1,2024-04-19 00:12:57.587
94040000,0.0065,1,2024-04-19 00:12:57.587
94043000,0.0002,1,2024-04-19 00:12:57.587
94049000,0.0011,1,2024-04-19 00:12:57.587
93998000,0.0249,0,2024-04-19 00:13:02.713
93997000,0.0342,0,2024-04-19 00:13:02.713
93996000,0.0531,0,2024-04-19 00:13:02.713
93988000,0.1002,0,2024-04-19 00:13:02.713
93978000,0.0002,0,2024-04-19 00:13:02.713
94012000,0.0168,1,2024-04-19 00:13:02.713
94016000,0.015,1,2024-04-19 00:13:02.713
94017000,0.0204,1,2024-04-19 00:13:02.713
94032000,0.1178,1,2024-04-19 00:13:02.713
94033000,0.0327,1,2024-04-19 00:13:02.713
93906000,0.0001,0,2024-04-19 00:13:07.851
93905000,0.001,0,2024-04-19 00:13:07.851
93902000,0.1063,0,2024-04-19 00:13:07.851
93900000,0.0011,0,2024-04-19 00:13:07.851
93890000,0.0919,0,2024-04-19 00:13:07.851
93940000,0.0003,1,2024-04-19 00:13:07.851
93963000,0.0621,1,2024-04-19 00:13:07.851
93965000,0.015,1,2024-04-19 00:13:07.851
93971000,0.0104,1,2024-04-19 00:13:07.851
93972000,0.0096,1,2024-04-19 00:13:07.851
93896000,0.0071,0,2024-04-19 00:13:12.930
93893000,0.1063,0,2024-04-19 00:13:12.930
93890000,0.0919,0,2024-04-19 00:13:12.930
93877000,0.0712,0,2024-04-19 00:13:12.930
93876000,0.0012,0,2024-04-19 00:13:12.930
93904000,0.0193,1,2024-04-19 00:13:12.930
93906000,0.0192,1,2024-04-19 00:13:12.930
93915000,0.015,1,2024-04-19 00:13:12.930
93923000,0.0339,1,2024-04-19 00:13:12.930
93927000,0.0647,1,2024-04-19 00:13:12.930
93890000,0.0905,0,2024-04-19 00:13:18.053
93877000,0.071,0,2024-04-19 00:13:18.053
93876000,0.0012,0,2024-04-19 00:13:18.053
93870000,0.002,0,2024-04-19 00:13:18.053
93864000,0.0011,0,2024-04-19 00:13:18.053
93904000,0.0129,1,2024-04-19 00:13:18.053
93906000,0.0036,1,2024-04-19 00:13:18.053
93917000,0.0193,1,2024-04-19 00:13:18.053
93929000,0.0569,1,2024-04-19 00:13:18.053
93952000,0.0114,1,2024-04-19 00:13:18.053
93890000,0.0905,0,2024-04-19 00:13:23.258
93877000,0.1227,0,2024-04-19 00:13:23.258
93876000,0.0012,0,2024-04-19 00:13:23.258
93870000,0.002,0,2024-04-19 00:13:23.258
93864000,0.0011,0,2024-04-19 00:13:23.258
93904000,0.1099,1,2024-04-19 00:13:23.258
93906000,0.3556,1,2024-04-19 00:13:23.258
93916000,0.352,1,2024-04-19 00:13:23.258
93926000,0.013,1,2024-04-19 00:13:23.258
93928000,0.0096,1,2024-04-19 00:13:23.258
93890000,0.0837,0,2024-04-19 00:13:28.500
93881000,0.0647,0,2024-04-19 00:13:28.500
93877000,0.1225,0,2024-04-19 00:13:28.500
93876000,0.0012,0,2024-04-19 00:13:28.500
93870000,0.002,0,2024-04-19 00:13:28.500
93904000,0.1072,1,2024-04-19 00:13:28.500
93906000,0.0036,1,2024-04-19 00:13:28.500
93922000,0.0096,1,2024-04-19 00:13:28.500
93938000,0.013,1,2024-04-19 00:13:28.500
93945000,0.0193,1,2024-04-19 00:13:28.500
93890000,0.0774,0,2024-04-19 00:13:33.641
93881000,0.0647,0,2024-04-19 00:13:33.641
93877000,0.1227,0,2024-04-19 00:13:33.641
93876000,0.0012,0,2024-04-19 00:13:33.641
93870000,0.002,0,2024-04-19 00:13:33.641
93904000,0.086,1,2024-04-19 00:13:33.641
93906000,0.0036,1,2024-04-19 00:13:33.641
93926000,0.352,1,2024-04-19 00:13:33.641
93939000,0.015,1,2024-04-19 00:13:33.641
93953000,0.0649,1,2024-04-19 00:13:33.641
93890000,0.1077,0,2024-04-19 00:13:38.767
93881000,0.0647,0,2024-04-19 00:13:38.767
93877000,0.0712,0,2024-04-19 00:13:38.767
93876000,0.0012,0,2024-04-19 00:13:38.767
93870000,0.002,0,2024-04-19 00:13:38.767
93904000,0.0834,1,2024-04-19 00:13:38.767
93906000,0.0036,1,2024-04-19 00:13:38.767
93930000,0.013,1,2024-04-19 00:13:38.767
93933000,0.0096,1,2024-04-19 00:13:38.767
93937000,0.015,1,2024-04-19 00:13:38.767
93890000,0.0757,0,2024-04-19 00:13:43.859
93877000,0.0712,0,2024-04-19 00:13:43.859
93876000,0.0012,0,2024-04-19 00:13:43.859
93870000,0.002,0,2024-04-19 00:13:43.859
93864000,0.0011,0,2024-04-19 00:13:43.859
93904000,0.0718,1,2024-04-19 00:13:43.859
93906000,0.0036,1,2024-04-19 00:13:43.859
93930000,0.013,1,2024-04-19 00:13:43.859
93932000,0.0096,1,2024-04-19 00:13:43.859
93936000,0.015,1,2024-04-19 00:13:43.859
93890000,0.0226,0,2024-04-19 00:13:48.966
93877000,0.0721,0,2024-04-19 00:13:48.966
93876000,0.0012,0,2024-04-19 00:13:48.966
93870000,0.002,0,2024-04-19 00:13:48.966
93864000,0.0011,0,2024-04-19 00:13:48.966
93903000,0.1589,1,2024-04-19 00:13:48.966
93904000,0.072,1,2024-04-19 00:13:48.966
93906000,0.0037,1,2024-04-19 00:13:48.966
93914000,0.0096,1,2024-04-19 00:13:48.966
93918000,0.015,1,2024-04-19 00:13:48.966
93877000,0.0721,0,2024-04-19 00:13:54.063
93876000,0.0012,0,2024-04-19 00:13:54.063
93870000,0.002,0,2024-04-19 00:13:54.063
93864000,0.0011,0,2024-04-19 00:13:54.063
93859000,0.0001,0,2024-04-19 00:13:54.063
93892000,0.0094,1,2024-04-19 00:13:54.063
93895000,0.0211,1,2024-04-19 00:13:54.063
93903000,0.1326,1,2024-04-19 00:13:54.063
93904000,0.072,1,2024-04-19 00:13:54.063
93905000,0.0578,1,2024-04-19 00:13:54.063
93877000,0.0377,0,2024-04-19 00:13:59.280
93876000,0.0012,0,2024-04-19 00:13:59.280
93870000,0.002,0,2024-04-19 00:13:59.280
93864000,0.0011,0,2024-04-19 00:13:59.280
93859000,0.0001,0,2024-04-19 00:13:59.280
93903000,0.1326,1,2024-04-19 00:13:59.280
93904000,0.072,1,2024-04-19 00:13:59.280
93906000,0.0037,1,2024-04-19 00:13:59.280
93917000,0.0238,1,2024-04-19 00:13:59.280
93918000,0.352,1,2024-04-19 00:13:59.280
93897000,0.0066,0,2024-04-19 00:14:04.406
93877000,0.0484,0,2024-04-19 00:14:04.406
93876000,0.0012,0,2024-04-19 00:14:04.406
93870000,0.002,0,2024-04-19 00:14:04.406
93864000,0.0022,0,2024-04-19 00:14:04.406
93903000,0.1269,1,2024-04-19 00:14:04.406
93904000,0.072,1,2024-04-19 00:14:04.406
93906000,0.0037,1,2024-04-19 00:14:04.406
93930000,0.0002,1,2024-04-19 00:14:04.406
93934000,0.0564,1,2024-04-19 00:14:04.406
93897000,0.004,0,2024-04-19 00:14:09.548
93894000,0.001,0,2024-04-19 00:14:09.548
93889000,0.0001,0,2024-04-19 00:14:09.548
93877000,0.0484,0,2024-04-19 00:14:09.548
93876000,0.0012,0,2024-04-19 00:14:09.548
93902000,0.0001,1,2024-04-19 00:14:09.548
93903000,0.1304,1,2024-04-19 00:14:09.548
93904000,0.072,1,2024-04-19 00:14:09.548
93906000,0.0037,1,2024-04-19 00:14:09.548
93930000,0.0002,1,2024-04-19 00:14:09.548
93902000,0.0053,0,2024-04-19 00:14:14.639
93897000,0.004,0,2024-04-19 00:14:14.639
93894000,0.001,0,2024-04-19 00:14:14.639
93889000,0.0001,0,2024-04-19 00:14:14.639
93882000,0.0062,0,2024-04-19 00:14:14.639
93903000,0.1304,1,2024-04-19 00:14:14.639
93904000,0.072,1,2024-04-19 00:14:14.639
93906000,0.0037,1,2024-04-19 00:14:14.639
93930000,0.0002,1,2024-04-19 00:14:14.639
93944000,0.0249,1,2024-04-19 00:14:14.639
93911000,0.0001,0,2024-04-19 00:14:19.900
93906000,0.0003,0,2024-04-19 00:14:19.900
93903000,0.0208,0,2024-04-19 00:14:19.900
93902000,0.0053,0,2024-04-19 00:14:19.900
93901000,0.0879,0,2024-04-19 00:14:19.900
93927000,0.1028,1,2024-04-19 00:14:19.900
93930000,0.0002,1,2024-04-19 00:14:19.900
93940000,0.0095,1,2024-04-19 00:14:19.900
93945000,0.352,1,2024-04-19 00:14:19.900
93974000,0.0005,1,2024-04-19 00:14:19.900
93902000,0.065,0,2024-04-19 00:14:25.269
93901000,0.0002,0,2024-04-19 00:14:25.269
93900000,0.0026,0,2024-04-19 00:14:25.269
93898000,0.0005,0,2024-04-19 00:14:25.269
93897000,0.0037,0,2024-04-19 00:14:25.269
93927000,0.0999,1,2024-04-19 00:14:25.269
93930000,0.0002,1,2024-04-19 00:14:25.269
93932000,0.352,1,2024-04-19 00:14:25.269
93939000,0.0249,1,2024-04-19 00:14:25.269
93940000,0.0095,1,2024-04-19 00:14:25.269
93930000,0.965,0,2024-04-19 00:14:30.378
93927000,0.0051,0,2024-04-19 00:14:30.378
93905000,0.0001,0,2024-04-19 00:14:30.378
93903000,0.0007,0,2024-04-19 00:14:30.378
93902000,0.0729,0,2024-04-19 00:14:30.378
93939000,0.0344,1,2024-04-19 00:14:30.378
93967000,0.352,1,2024-04-19 00:14:30.378
93974000,0.0005,1,2024-04-19 00:14:30.378
93980000,0.0326,1,2024-04-19 00:14:30.378
93989000,0.0238,1,2024-04-19 00:14:30.378
93931000,0.0011,0,2024-04-19 00:14:35.492
93930000,0.9647,0,2024-04-19 00:14:35.492
93927000,0.0051,0,2024-04-19 00:14:35.492
93920000,0.0079,0,2024-04-19 00:14:35.492
93903000,0.0007,0,2024-04-19 00:14:35.492
93939000,0.0005,1,2024-04-19 00:14:35.492
93940000,0.0249,1,2024-04-19 00:14:35.492
93974000,0.0005,1,2024-04-19 00:14:35.492
93980000,0.0605,1,2024-04-19 00:14:35.492
93994000,0.0006,1,2024-04-19 00:14:35.492
93930000,0.8453,0,2024-04-19 00:14:40.620
93927000,0.0051,0,2024-04-19 00:14:40.620
93920000,0.0079,0,2024-04-19 00:14:40.620
93903000,0.0007,0,2024-04-19 00:14:40.620
93902000,0.0166,0,2024-04-19 00:14:40.620
93931000,0.0996,1,2024-04-19 00:14:40.620
93940000,0.025,1,2024-04-19 00:14:40.620
93941000,0.0007,1,2024-04-19 00:14:40.620
93974000,0.0005,1,2024-04-19 00:14:40.620
93980000,0.0605,1,2024-04-19 00:14:40.620
93930000,0.474,0,2024-04-19 00:14:45.733
93927000,0.0051,0,2024-04-19 00:14:45.733
93903000,0.001,0,2024-04-19 00:14:45.733
93902000,0.0166,0,2024-04-19 00:14:45.733
93901000,0,0,2024-04-19 00:14:45.733
93931000,0.1556,1,2024-04-19 00:14:45.733
93941000,0.0256,1,2024-04-19 00:14:45.733
93947000,0.352,1,2024-04-19 00:14:45.733
93958000,0.0636,1,2024-04-19 00:14:45.733
93959000,0.0626,1,2024-04-19 00:14:45.733
93889000,0.0001,0,2024-04-19 00:14:50.864
93878000,0.0319,0,2024-04-19 00:14:50.864
93877000,0.0484,0,2024-04-19 00:14:50.864
93876000,0.0012,0,2024-04-19 00:14:50.864
93870000,0.002,0,2024-04-19 00:14:50.864
93892000,0.0406,1,2024-04-19 00:14:50.864
93931000,0.6733,1,2024-04-19 00:14:50.864
93937000,0.547,1,2024-04-19 00:14:50.864
93941000,0.0256,1,2024-04-19 00:14:50.864
93943000,1.279,1,2024-04-19 00:14:50.864
93877000,0.0493,0,2024-04-19 00:14:55.962
93876000,0.0012,0,2024-04-19 00:14:55.962
93870000,0.002,0,2024-04-19 00:14:55.962
93864000,0.0022,0,2024-04-19 00:14:55.962
93861000,0.0569,0,2024-04-19 00:14:55.962
93878000,0.0026,1,2024-04-19 00:14:55.962
93892000,0.3895,1,2024-04-19 00:14:55.962
93904000,0.0002,1,2024-04-19 00:14:55.962
93931000,0.6731,1,2024-04-19 00:14:55.962
93937000,0.547,1,2024-04-19 00:14:55.962
93878000,0.0564,0,2024-04-19 00:15:01.080
93877000,0.0452,0,2024-04-19 00:15:01.080
93876000,0.0012,0,2024-04-19 00:15:01.080
93870000,0.002,0,2024-04-19 00:15:01.080
93864000,0.0022,0,2024-04-19 00:15:01.080
93904000,0.0002,1,2024-04-19 00:15:01.080
93909000,0.352,1,2024-04-19 00:15:01.080
93931000,0.1261,1,2024-04-19 00:15:01.080
93939000,0.0249,1,2024-04-19 00:15:01.080
93946000,0.352,1,2024-04-19 00:15:01.080
93939000,0.0587,0,2024-04-19 00:15:06.162
93938000,0.07,0,2024-04-19 00:15:06.162
93935000,0.0146,0,2024-04-19 00:15:06.162
93922000,0.0001,0,2024-04-19 00:15:06.162
93920000,0.0334,0,2024-04-19 00:15:06.162
93971000,0.0002,1,2024-04-19 00:15:06.162
93974000,0.0005,1,2024-04-19 00:15:06.162
93994000,0.0006,1,2024-04-19 00:15:06.162
94011000,0.0116,1,2024-04-19 00:15:06.162
94012000,0.0002,1,2024-04-19 00:15:06.162
93928000,0.1177,0,2024-04-19 00:15:11.253
93927000,0.0237,0,2024-04-19 00:15:11.253
93920000,0.0208,0,2024-04-19 00:15:11.253
93919000,0.0104,0,2024-04-19 00:15:11.253
93918000,0.02,0,2024-04-19 00:15:11.253
93971000,0.0002,1,2024-04-19 00:15:11.253
93974000,0.0005,1,2024-04-19 00:15:11.253
93994000,0.0006,1,2024-04-19 00:15:11.253
94011000,0.0116,1,2024-04-19 00:15:11.253
94012000,0.0002,1,2024-04-19 00:15:11.253
93941000,0.0576,0,2024-04-19 00:15:16.357
93940000,0.0001,0,2024-04-19 00:15:16.357
93939000,0.0002,0,2024-04-19 00:15:16.357
93929000,0.1173,0,2024-04-19 00:15:16.357
93928000,0.0238,0,2024-04-19 00:15:16.357
94011000,0.0116,1,2024-04-19 00:15:16.357
94012000,0.0002,1,2024-04-19 00:15:16.357
94026000,0.0576,1,2024-04-19 00:15:16.357
94038000,0.0032,1,2024-04-19 00:15:16.357
94039000,0.3535,1,2024-04-19 00:15:16.357
93946000,0.1323,0,2024-04-19 00:15:21.493
93927000,0.0249,0,2024-04-19 00:15:21.493
93925000,0.0088,0,2024-04-19 00:15:21.493
93922000,0,0,2024-04-19 00:15:21.493
93903000,0.0002,0,2024-04-19 00:15:21.493
93947000,0.4147,1,2024-04-19 00:15:21.493
93963000,0.0546,1,2024-04-19 00:15:21.493
93988000,0.9623,1,2024-04-19 00:15:21.493
93989000,0.352,1,2024-04-19 00:15:21.493
94010000,0.0628,1,2024-04-19 00:15:21.493
93946000,0.1323,0,2024-04-19 00:15:26.604
93927000,0.0249,0,2024-04-19 00:15:26.604
93925000,0.0088,0,2024-04-19 00:15:26.604
93922000,0,0,2024-04-19 00:15:26.604
93903000,0.0002,0,2024-04-19 00:15:26.604
93974000,0.0617,1,2024-04-19 00:15:26.604
93975000,0.547,1,2024-04-19 00:15:26.604
93983000,0.058,1,2024-04-19 00:15:26.604
93984000,0.704,1,2024-04-19 00:15:26.604
93987000,0.1689,1,2024-04-19 00:15:26.604
93931000,0.0148,0,2024-04-19 00:15:31.699
93927000,0.0002,0,2024-04-19 00:15:31.699
93922000,0,0,2024-04-19 00:15:31.699
93903000,0.0002,0,2024-04-19 00:15:31.699
93895000,0.0559,0,2024-04-19 00:15:31.699
93943000,0.3522,1,2024-04-19 00:15:31.699
93944000,0.1833,1,2024-04-19 00:15:31.699
93951000,0.0106,1,2024-04-19 00:15:31.699
93972000,0.0606,1,2024-04-19 00:15:31.699
93975000,0.547,1,2024-04-19 00:15:31.699
93931000,0.015,0,2024-04-19 00:15:36.799
93927000,0.0514,0,2024-04-19 00:15:36.799
93922000,0,0,2024-04-19 00:15:36.799
93903000,0.0002,0,2024-04-19 00:15:36.799
93900000,0.006,0,2024-04-19 00:15:36.799
93943000,0.2489,1,2024-04-19 00:15:36.799
93944000,0.1833,1,2024-04-19 00:15:36.799
93946000,0.0911,1,2024-04-19 00:15:36.799
93951000,0.0106,1,2024-04-19 00:15:36.799
93975000,0.547,1,2024-04-19 00:15:36.799
93943000,0.0062,0,2024-04-19 00:15:41.911
93932000,0.0583,0,2024-04-19 00:15:41.911
93931000,0.0012,0,2024-04-19 00:15:41.911
93927000,0.0403,0,2024-04-19 00:15:41.911
93922000,0,0,2024-04-19 00:15:41.911
93944000,0.1833,1,2024-04-19 00:15:41.911
93946000,0.0911,1,2024-04-19 00:15:41.911
93951000,0.0095,1,2024-04-19 00:15:41.911
93952000,0.0013,1,2024-04-19 00:15:41.911
93975000,0.547,1,2024-04-19 00:15:41.911
93943000,0.0065,0,2024-04-19 00:15:47.034
93932000,0.0583,0,2024-04-19 00:15:47.034
93931000,0.0012,0,2024-04-19 00:15:47.034
93927000,0.0403,0,2024-04-19 00:15:47.034
93922000,0,0,2024-04-19 00:15:47.034
93944000,0.352,1,2024-04-19 00:15:47.034
93946000,0.0911,1,2024-04-19 00:15:47.034
93951000,0.0095,1,2024-04-19 00:15:47.034
93952000,0.0013,1,2024-04-19 00:15:47.034
93968000,0.352,1,2024-04-19 00:15:47.034
93946000,0.0096,0,2024-04-19 00:15:52.133
93944000,0.0005,0,2024-04-19 00:15:52.133
93943000,0.0116,0,2024-04-19 00:15:52.133
93940000,0.0106,0,2024-04-19 00:15:52.133
93939000,0.0617,0,2024-04-19 00:15:52.133
93986000,0.0002,1,2024-04-19 00:15:52.133
94010000,0.0002,1,2024-04-19 00:15:52.133
94011000,0.0116,1,2024-04-19 00:15:52.133
94012000,0.0002,1,2024-04-19 00:15:52.133
94015000,0.0546,1,2024-04-19 00:15:52.133
93953000,0.052,0,2024-04-19 00:15:57.235
93952000,0.0603,0,2024-04-19 00:15:57.235
93946000,0.0096,0,2024-04-19 00:15:57.235
93944000,0.0003,0,2024-04-19 00:15:57.235
93943000,0.0116,0,2024-04-19 00:15:57.235
93986000,0.0002,1,2024-04-19 00:15:57.235
94000000,0.0115,1,2024-04-19 00:15:57.235
94006000,0.352,1,2024-04-19 00:15:57.235
94010000,0.0002,1,2024-04-19 00:15:57.235
94011000,0.0116,1,2024-04-19 00:15:57.235
93953000,0.126,0,2024-04-19 00:16:02.337
93952000,0.0031,0,2024-04-19 00:16:02.337
93946000,0.0096,0,2024-04-19 00:16:02.337
93944000,0.0003,0,2024-04-19 00:16:02.337
93943000,0.0116,0,2024-04-19 00:16:02.337
93959000,0.0018,1,2024-04-19 00:16:02.337
93986000,0.0002,1,2024-04-19 00:16:02.337
93997000,0.0115,1,2024-04-19 00:16:02.337
94000000,0.0115,1,2024-04-19 00:16:02.337
94010000,0.1188,1,2024-04-19 00:16:02.337
93954000,0.03,0,2024-04-19 00:16:07.445
93953000,0.1258,0,2024-04-19 00:16:07.445
93952000,0.0031,0,2024-04-19 00:16:07.445
93946000,0.0096,0,2024-04-19 00:16:07.445
93944000,0.0003,0,2024-04-19 00:16:07.445
93959000,0.0004,1,2024-04-19 00:16:07.445
93970000,0.1185,1,2024-04-19 00:16:07.445
93981000,0.1185,1,2024-04-19 00:16:07.445
93982000,0.352,1,2024-04-19 00:16:07.445
93983000,0.0626,1,2024-04-19 00:16:07.445
93943000,0.0197,0,2024-04-19 00:16:15.622
93942000,0.0249,0,2024-04-19 00:16:15.622
93940000,0.0106,0,2024-04-19 00:16:15.622
93932000,0.0037,0,2024-04-19 00:16:15.622
93931000,0.0514,0,2024-04-19 00:16:15.622
93946000,0.7013,1,2024-04-19 00:16:15.622
93960000,1.2776,1,2024-04-19 00:16:15.622
93974000,0.0567,1,2024-04-19 00:16:15.622
93981000,0.547,1,2024-04-19 00:16:15.622
93986000,0.0002,1,2024-04-19 00:16:15.622
93944000,0.0001,0,2024-04-19 00:16:20.735
93943000,0.0197,0,2024-04-19 00:16:20.735
93942000,0.0661,0,2024-04-19 00:16:20.735
93940000,0.0106,0,2024-04-19 00:16:20.735
93932000,0.0037,0,2024-04-19 00:16:20.735
93946000,1.4638,1,2024-04-19 00:16:20.735
93967000,0.0249,1,2024-04-19 00:16:20.735
93973000,0.0584,1,2024-04-19 00:16:20.735
93974000,0.352,1,2024-04-19 00:16:20.735
93975000,0.1063,1,2024-04-19 00:16:20.735
93943000,0.0412,0,2024-04-19 00:16:25.824
93942000,0.0647,0,2024-04-19 00:16:25.824
93940000,0.0106,0,2024-04-19 00:16:25.824
93932000,0.0037,0,2024-04-19 00:16:25.824
93931000,0.0514,0,2024-04-19 00:16:25.824
93944000,1.2195,1,2024-04-19 00:16:25.824
93946000,0.1748,1,2024-04-19 00:16:25.824
93958000,0.0001,1,2024-04-19 00:16:25.824
93960000,0.0626,1,2024-04-19 00:16:25.824
93962000,0.0114,1,2024-04-19 00:16:25.824
93927000,0.0403,0,2024-04-19 00:16:30.969
93922000,0,0,2024-04-19 00:16:30.969
93903000,0.0002,0,2024-04-19 00:16:30.969
93899000,0.004,0,2024-04-19 00:16:30.969
93892000,0.001,0,2024-04-19 00:16:30.969
93929000,1.0968,1,2024-04-19 00:16:30.969
93944000,0.4509,1,2024-04-19 00:16:30.969
93953000,0.1063,1,2024-04-19 00:16:30.969
93958000,0.0001,1,2024-04-19 00:16:30.969
93962000,0.0114,1,2024-04-19 00:16:30.969
93927000,0.0403,0,2024-04-19 00:16:36.081
93922000,0,0,2024-04-19 00:16:36.081
93903000,0.0002,0,2024-04-19 00:16:36.081
93899000,0.004,0,2024-04-19 00:16:36.081
93892000,0.001,0,2024-04-19 00:16:36.081
93929000,1.416,1,2024-04-19 00:16:36.081
93944000,0.388,1,2024-04-19 00:16:36.081
93950000,0.0598,1,2024-04-19 00:16:36.081
93955000,0.0403,1,2024-04-19 00:16:36.081
93958000,0.0001,1,2024-04-19 00:16:36.081
93922000,0,0,2024-04-19 00:16:41.375
93903000,0.0055,0,2024-04-19 00:16:41.375
93899000,0.004,0,2024-04-19 00:16:41.375
93892000,0.001,0,2024-04-19 00:16:41.375
93877000,0.0141,0,2024-04-19 00:16:41.375
93924000,1.5903,1,2024-04-19 00:16:41.375
93928000,0.0109,1,2024-04-19 00:16:41.375
93944000,0.388,1,2024-04-19 00:16:41.375
93946000,0.1063,1,2024-04-19 00:16:41.375
93953000,0.0551,1,2024-04-19 00:16:41.375
93922000,0,0,2024-04-19 00:16:46.619
93903000,0.0055,0,2024-04-19 00:16:46.619
93899000,0.004,0,2024-04-19 00:16:46.619
93892000,0.001,0,2024-04-19 00:16:46.619
93877000,0.0141,0,2024-04-19 00:16:46.619
93924000,0.3523,1,2024-04-19 00:16:46.619
93928000,0.0108,1,2024-04-19 00:16:46.619
93944000,1.6723,1,2024-04-19 00:16:46.619
93953000,0.0551,1,2024-04-19 00:16:46.619
93958000,0.0001,1,2024-04-19 00:16:46.619
93924000,0,0,2024-04-19 00:16:51.787
93900000,0.054,0,2024-04-19 00:16:51.787
93899000,0.004,0,2024-04-19 00:16:51.787
93892000,0.001,0,2024-04-19 00:16:51.787
93880000,0.0852,0,2024-04-19 00:16:51.787
93928000,0.2108,1,2024-04-19 00:16:51.787
93944000,0.036,1,2024-04-19 00:16:51.787
93955000,0.0519,1,2024-04-19 00:16:51.787
93958000,0.0001,1,2024-04-19 00:16:51.787
93961000,0.0062,1,2024-04-19 00:16:51.787
93900000,0.2301,0,2024-04-19 00:16:56.989
93899000,0.004,0,2024-04-19 00:16:56.989
93892000,0.001,0,2024-04-19 00:16:56.989
93883000,0.0002,0,2024-04-19 00:16:56.989
93879000,0.0583,0,2024-04-19 00:16:56.989
93928000,0.2078,1,2024-04-19 00:16:56.989
93934000,0.352,1,2024-04-19 00:16:56.989
93944000,0.2751,1,2024-04-19 00:16:56.989
93951000,0.0095,1,2024-04-19 00:16:56.989
93952000,0.025,1,2024-04-19 00:16:56.989
93930000,0.0026,0,2024-04-19 00:17:02.413
93928000,0.0126,0,2024-04-19 00:17:02.413
93902000,0.1,0,2024-04-19 00:17:02.413
93901000,0.0538,0,2024-04-19 00:17:02.413
93900000,0.2303,0,2024-04-19 00:17:02.413
93944000,0.2391,1,2024-04-19 00:17:02.413
93951000,0.0095,1,2024-04-19 00:17:02.413
93952000,0.025,1,2024-04-19 00:17:02.413
93955000,0.0519,1,2024-04-19 00:17:02.413
93958000,0.0001,1,2024-04-19 00:17:02.413
93924000,0.0108,0,2024-04-19 00:17:07.682
93902000,0.1156,0,2024-04-19 00:17:07.682
93901000,0.0538,0,2024-04-19 00:17:07.682
93900000,0.2303,0,2024-04-19 00:17:07.682
93899000,0.0094,0,2024-04-19 00:17:07.682
93928000,0.1199,1,2024-04-19 00:17:07.682
93944000,0.2446,1,2024-04-19 00:17:07.682
93950000,0.0345,1,2024-04-19 00:17:07.682
93955000,0.0519,1,2024-04-19 00:17:07.682
93958000,0.0001,1,2024-04-19 00:17:07.682
93924000,0.0047,0,2024-04-19 00:17:12.786
93902000,0.0677,0,2024-04-19 00:17:12.786
93901000,0.0247,0,2024-04-19 00:17:12.786
93900000,0.2303,0,2024-04-19 00:17:12.786
93899000,0.0094,0,2024-04-19 00:17:12.786
93928000,0.0233,1,2024-04-19 00:17:12.786
93940000,0.352,1,2024-04-19 00:17:12.786
93944000,0.2446,1,2024-04-19 00:17:12.786
93950000,0.0345,1,2024-04-19 00:17:12.786
93955000,0.0519,1,2024-04-19 00:17:12.786
93924000,0.0047,0,2024-04-19 00:17:17.969
93902000,0.0156,0,2024-04-19 00:17:17.969
93901000,0.0247,0,2024-04-19 00:17:17.969
93900000,0.2864,0,2024-04-19 00:17:17.969
93899000,0.0094,0,2024-04-19 00:17:17.969
93928000,0.0212,1,2024-04-19 00:17:17.969
93944000,0.2446,1,2024-04-19 00:17:17.969
93948000,0.0345,1,2024-04-19 00:17:17.969
93950000,0.2022,1,2024-04-19 00:17:17.969
93955000,0.0519,1,2024-04-19 00:17:17.969
93902000,0.0212,0,2024-04-19 00:17:23.084
93901000,0.0247,0,2024-04-19 00:17:23.084
93900000,0.2303,0,2024-04-19 00:17:23.084
93899000,0.0094,0,2024-04-19 00:17:23.084
93892000,0.0257,0,2024-04-19 00:17:23.084
93924000,0,1,2024-04-19 00:17:23.084
93928000,0.0104,1,2024-04-19 00:17:23.084
93943000,0.1262,1,2024-04-19 00:17:23.084
93944000,0.2446,1,2024-04-19 00:17:23.084
93945000,0.352,1,2024-04-19 00:17:23.084
93902000,0.0212,0,2024-04-19 00:17:28.220
93901000,0.0247,0,2024-04-19 00:17:28.220
93900000,0.2303,0,2024-04-19 00:17:28.220
93899000,0.0094,0,2024-04-19 00:17:28.220
93892000,0.0257,0,2024-04-19 00:17:28.220
93924000,0.0246,1,2024-04-19 00:17:28.220
93926000,0.352,1,2024-04-19 00:17:28.220
93928000,0.0104,1,2024-04-19 00:17:28.220
93944000,0.2446,1,2024-04-19 00:17:28.220
93945000,0.0095,1,2024-04-19 00:17:28.220
93902000,0.0212,0,2024-04-19 00:17:33.311
93901000,0.0247,0,2024-04-19 00:17:33.311
93899000,0.0094,0,2024-04-19 00:17:33.311
93892000,0.0257,0,2024-04-19 00:17:33.311
93877000,0.0573,0,2024-04-19 00:17:33.311
93924000,0.0281,1,2024-04-19 00:17:33.311
93926000,0.352,1,2024-04-19 00:17:33.311
93928000,0.0104,1,2024-04-19 00:17:33.311
93944000,0.2446,1,2024-04-19 00:17:33.311
93945000,0.0095,1,2024-04-19 00:17:33.311
93902000,0.0214,0,2024-04-19 00:17:38.412
93901000,0.0247,0,2024-04-19 00:17:38.412
93899000,0.0094,0,2024-04-19 00:17:38.412
93892000,0.0257,0,2024-04-19 00:17:38.412
93877000,0.0573,0,2024-04-19 00:17:38.412
93924000,0.0281,1,2024-04-19 00:17:38.412
93926000,0.352,1,2024-04-19 00:17:38.412
93928000,0.0104,1,2024-04-19 00:17:38.412
93943000,0.025,1,2024-04-19 00:17:38.412
93944000,0.2446,1,2024-04-19 00:17:38.412
93924000,0.0041,0,2024-04-19 00:17:43.524
93902000,0.021,0,2024-04-19 00:17:43.524
93901000,0.0247,0,2024-04-19 00:17:43.524
93899000,0.0094,0,2024-04-19 00:17:43.524
93892000,0.0257,0,2024-04-19 00:17:43.524
93928000,0.0104,1,2024-04-19 00:17:43.524
93942000,0.002,1,2024-04-19 00:17:43.524
93943000,0.025,1,2024-04-19 00:17:43.524
93944000,0.5966,1,2024-04-19 00:17:43.524
93945000,1.2904,1,2024-04-19 00:17:43.524
93924000,0.0095,0,2024-04-19 00:17:48.642
93902000,0.021,0,2024-04-19 00:17:48.642
93901000,0.0247,0,2024-04-19 00:17:48.642
93899000,0.0094,0,2024-04-19 00:17:48.642
93892000,0.0257,0,2024-04-19 00:17:48.642
93928000,0.3624,1,2024-04-19 00:17:48.642
93942000,0.027,1,2024-04-19 00:17:48.642
93944000,0.2446,1,2024-04-19 00:17:48.642
93950000,0.2022,1,2024-04-19 00:17:48.642
93955000,0.0519,1,2024-04-19 00:17:48.642
93906000,0.0905,0,2024-04-19 00:17:53.744
93905000,0.352,0,2024-04-19 00:17:53.744
93902000,0.021,0,2024-04-19 00:17:53.744
93901000,0.0247,0,2024-04-19 00:17:53.744
93900000,0.1536,0,2024-04-19 00:17:53.744
93924000,0.1836,1,2024-04-19 00:17:53.744
93928000,0.0103,1,2024-04-19 00:17:53.744
93942000,0.0365,1,2024-04-19 00:17:53.744
93944000,0.2446,1,2024-04-19 00:17:53.744
93950000,0.2022,1,2024-04-19 00:17:53.744
93906000,0.0002,0,2024-04-19 00:17:58.867
93905000,0.3522,0,2024-04-19 00:17:58.867
93902000,0.021,0,2024-04-19 00:17:58.867
93901000,0.0247,0,2024-04-19 00:17:58.867
93900000,0.0632,0,2024-04-19 00:17:58.867
93928000,0.0002,1,2024-04-19 00:17:58.867
93942000,0.0365,1,2024-04-19 00:17:58.867
93944000,0.2446,1,2024-04-19 00:17:58.867
93950000,0.2022,1,2024-04-19 00:17:58.867
93955000,0.0519,1,2024-04-19 00:17:58.867
93928000,0.0257,0,2024-04-19 00:18:03.985
93905000,0.0008,0,2024-04-19 00:18:03.985
93902000,0.0208,0,2024-04-19 00:18:03.985
93901000,0.0247,0,2024-04-19 00:18:03.985
93899000,0.0094,0,2024-04-19 00:18:03.985
93941000,0.025,1,2024-04-19 00:18:03.985
93942000,0.002,1,2024-04-19 00:18:03.985
93944000,0.2446,1,2024-04-19 00:18:03.985
93950000,0.2023,1,2024-04-19 00:18:03.985
93955000,0.0519,1,2024-04-19 00:18:03.985
93928000,0.0257,0,2024-04-19 00:18:09.090
93922000,0.0216,0,2024-04-19 00:18:09.090
93905000,0.0008,0,2024-04-19 00:18:09.090
93902000,0.0208,0,2024-04-19 00:18:09.090
93901000,0.0247,0,2024-04-19 00:18:09.090
93941000,0.0034,1,2024-04-19 00:18:09.090
93942000,0.0115,1,2024-04-19 00:18:09.090
93944000,0.2446,1,2024-04-19 00:18:09.090
93950000,0.2023,1,2024-04-19 00:18:09.090
93953000,1.6426,1,2024-04-19 00:18:09.090
93928000,0.1257,0,2024-04-19 00:18:14.182
93924000,0.3,0,2024-04-19 00:18:14.182
93922000,0.0216,0,2024-04-19 00:18:14.182
93905000,0.0008,0,2024-04-19 00:18:14.182
93902000,0.0208,0,2024-04-19 00:18:14.182
93930000,0.352,1,2024-04-19 00:18:14.182
93942000,0.0115,1,2024-04-19 00:18:14.182
93943000,0.0038,1,2024-04-19 00:18:14.182
93944000,0.2446,1,2024-04-19 00:18:14.182
93950000,0.2023,1,2024-04-19 00:18:14.182
93905000,0.0004,0,2024-04-19 00:18:19.285
93902000,0.0053,0,2024-04-19 00:18:19.285
93901000,0.0247,0,2024-04-19 00:18:19.285
93899000,0.0094,0,2024-04-19 00:18:19.285
93892000,0.0257,0,2024-04-19 00:18:19.285
93907000,1.2914,1,2024-04-19 00:18:19.285
93920000,0.0855,1,2024-04-19 00:18:19.285
93923000,0.1492,1,2024-04-19 00:18:19.285
93925000,0.0002,1,2024-04-19 00:18:19.285
93927000,0.0617,1,2024-04-19 00:18:19.285
93877000,0.0016,0,2024-04-19 00:18:24.368
93876000,0.001,0,2024-04-19 00:18:24.368
93870000,0.0288,0,2024-04-19 00:18:24.368
93869000,0.001,0,2024-04-19 00:18:24.368
93864000,0.0024,0,2024-04-19 00:18:24.368
93884000,1.2916,1,2024-04-19 00:18:24.368
93886000,0.0002,1,2024-04-19 00:18:24.368
93895000,0.0288,1,2024-04-19 00:18:24.368
93898000,0.0647,1,2024-04-19 00:18:24.368
93904000,0.0639,1,2024-04-19 00:18:24.368
93877000,0.0015,0,2024-04-19 00:18:29.476
93876000,0.001,0,2024-04-19 00:18:29.476
93870000,0.0288,0,2024-04-19 00:18:29.476
93869000,0.001,0,2024-04-19 00:18:29.476
93864000,0.0024,0,2024-04-19 00:18:29.476
93879000,1.6439,1,2024-04-19 00:18:29.476
93885000,0.022,1,2024-04-19 00:18:29.476
93892000,0.0288,1,2024-04-19 00:18:29.476
93898000,0.0647,1,2024-04-19 00:18:29.476
93904000,0.0639,1,2024-04-19 00:18:29.476
93832000,0.0003,0,2024-04-19 00:18:34.648
93831000,0.0001,0,2024-04-19 00:18:34.648
93830000,0.0025,0,2024-04-19 00:18:34.648
93826000,0.0001,0,2024-04-19 00:18:34.648
93820000,0.0003,0,2024-04-19 00:18:34.648
93834000,1.1514,1,2024-04-19 00:18:34.648
93851000,0.0001,1,2024-04-19 00:18:34.648
93869000,0.0582,1,2024-04-19 00:18:34.648
93870000,0.081,1,2024-04-19 00:18:34.648
93879000,0.1107,1,2024-04-19 00:18:34.648
93817000,0.0925,0,2024-04-19 00:18:39.778
93814000,0.0001,0,2024-04-19 00:18:39.778
93812000,0.0578,0,2024-04-19 00:18:39.778
93811000,0.0222,0,2024-04-19 00:18:39.778
93802000,0.0003,0,2024-04-19 00:18:39.778
93831000,1.1515,1,2024-04-19 00:18:39.778
93851000,0.0002,1,2024-04-19 00:18:39.778
93860000,0.0627,1,2024-04-19 00:18:39.778
93870000,0.0221,1,2024-04-19 00:18:39.778
93904000,0.0639,1,2024-04-19 00:18:39.778
93817000,0.0041,0,2024-04-19 00:18:44.884
93814000,0.0001,0,2024-04-19 00:18:44.884
93811000,0.0224,0,2024-04-19 00:18:44.884
93802000,0.0003,0,2024-04-19 00:18:44.884
93801000,0.0003,0,2024-04-19 00:18:44.884
93845000,0.0011,1,2024-04-19 00:18:44.884
93849000,0.0224,1,2024-04-19 00:18:44.884
93851000,0.0002,1,2024-04-19 00:18:44.884
93865000,0.0556,1,2024-04-19 00:18:44.884
93870000,0.0221,1,2024-04-19 00:18:44.884
93814000,0.0013,0,2024-04-19 00:18:49.967
93811000,0.0224,0,2024-04-19 00:18:49.967
93802000,0.0003,0,2024-04-19 00:18:49.967
93801000,0.0003,0,2024-04-19 00:18:49.967
93800000,0.0568,0,2024-04-19 00:18:49.967
93817000,0.0295,1,2024-04-19 00:18:49.967
93830000,0.0224,1,2024-04-19 00:18:49.967
93845000,0.0532,1,2024-04-19 00:18:49.967
93851000,0.0002,1,2024-04-19 00:18:49.967
93853000,0.1063,1,2024-04-19 00:18:49.967
93814000,0.0013,0,2024-04-19 00:18:55.059
93811000,0.0224,0,2024-04-19 00:18:55.059
93802000,0.0003,0,2024-04-19 00:18:55.059
93801000,0.0003,0,2024-04-19 00:18:55.059
93800000,0.0368,0,2024-04-19 00:18:55.059
93817000,0.0154,1,2024-04-19 00:18:55.059
93845000,0.0532,1,2024-04-19 00:18:55.059
93851000,0.0002,1,2024-04-19 00:18:55.059
93865000,0.0556,1,2024-04-19 00:18:55.059
93870000,0.0001,1,2024-04-19 00:18:55.059
93811000,0.0211,0,2024-04-19 00:19:00.153
93802000,0.0003,0,2024-04-19 00:19:00.153
93801000,0.0003,0,2024-04-19 00:19:00.153
93800000,0.0368,0,2024-04-19 00:19:00.153
93793000,0.0001,0,2024-04-19 00:19:00.153
93817000,0.016,1,2024-04-19 00:19:00.153
93845000,0.0532,1,2024-04-19 00:19:00.153
93851000,0.0002,1,2024-04-19 00:19:00.153
93852000,0.2146,1,2024-04-19 00:19:00.153
93857000,0.352,1,2024-04-19 00:19:00.153
93811000,0.0243,0,2024-04-19 00:19:05.252
93802000,0.0003,0,2024-04-19 00:19:05.252
93801000,0.0003,0,2024-04-19 00:19:05.252
93800000,0.0368,0,2024-04-19 00:19:05.252
93793000,0.0001,0,2024-04-19 00:19:05.252
93817000,0.0585,1,2024-04-19 00:19:05.252
93844000,0.0647,1,2024-04-19 00:19:05.252
93845000,0.0532,1,2024-04-19 00:19:05.252
93851000,0.0002,1,2024-04-19 00:19:05.252
93852000,0.2146,1,2024-04-19 00:19:05.252
93812000,0.0053,0,2024-04-19 00:19:10.396
93811000,0.0296,0,2024-04-19 00:19:10.396
93802000,0.0003,0,2024-04-19 00:19:10.396
93801000,0.0003,0,2024-04-19 00:19:10.396
93800000,0.0368,0,2024-04-19 00:19:10.396
93817000,0.0585,1,2024-04-19 00:19:10.396
93844000,0.0647,1,2024-04-19 00:19:10.396
93845000,0.0532,1,2024-04-19 00:19:10.396
93850000,0.0296,1,2024-04-19 00:19:10.396
93851000,0.0002,1,2024-04-19 00:19:10.396
93811000,0.0221,0,2024-04-19 00:19:15.487
93802000,0.0003,0,2024-04-19 00:19:15.487
93801000,0.0003,0,2024-04-19 00:19:15.487
93800000,0.0368,0,2024-04-19 00:19:15.487
93793000,0.0001,0,2024-04-19 00:19:15.487
93817000,0.0585,1,2024-04-19 00:19:15.487
93837000,0.1358,1,2024-04-19 00:19:15.487
93840000,0.1064,1,2024-04-19 00:19:15.487
93844000,0.0647,1,2024-04-19 00:19:15.487
93845000,0.0532,1,2024-04-19 00:19:15.487
93811000,0.021,0,2024-04-19 00:19:20.597
93802000,0.0003,0,2024-04-19 00:19:20.597
93801000,0.0003,0,2024-04-19 00:19:20.597
93800000,0.0368,0,2024-04-19 00:19:20.597
93793000,0.0001,0,2024-04-19 00:19:20.597
93817000,0.0566,1,2024-04-19 00:19:20.597
93837000,0.1064,1,2024-04-19 00:19:20.597
93839000,0.021,1,2024-04-19 00:19:20.597
93844000,0.0647,1,2024-04-19 00:19:20.597
93845000,0.0532,1,2024-04-19 00:19:20.597
93811000,0.0144,0,2024-04-19 00:19:25.705
93802000,0.0013,0,2024-04-19 00:19:25.705
93801000,0.0003,0,2024-04-19 00:19:25.705
93800000,0.0368,0,2024-04-19 00:19:25.705
93793000,0.0001,0,2024-04-19 00:19:25.705
93817000,0.0512,1,2024-04-19 00:19:25.705
93837000,0.1064,1,2024-04-19 00:19:25.705
93839000,0.021,1,2024-04-19 00:19:25.705
93844000,0.0647,1,2024-04-19 00:19:25.705
93845000,0.0532,1,2024-04-19 00:19:25.705
93811000,0.008,0,2024-04-19 00:19:30.830
93802000,0.0013,0,2024-04-19 00:19:30.830
93801000,0.0003,0,2024-04-19 00:19:30.830
93800000,0.0368,0,2024-04-19 00:19:30.830
93793000,0.0001,0,2024-04-19 00:19:30.830
93817000,0.2741,1,2024-04-19 00:19:30.830
93836000,0.008,1,2024-04-19 00:19:30.830
93844000,0.0647,1,2024-04-19 00:19:30.830
93845000,0.0532,1,2024-04-19 00:19:30.830
93851000,0.0002,1,2024-04-19 00:19:30.830
93811000,0.0081,0,2024-04-19 00:19:35.983
93802000,0.0013,0,2024-04-19 00:19:35.983
93801000,0.0003,0,2024-04-19 00:19:35.983
93800000,0.0368,0,2024-04-19 00:19:35.983
93793000,0.0001,0,2024-04-19 00:19:35.983
93817000,0.2741,1,2024-04-19 00:19:35.983
93835000,0.1064,1,2024-04-19 00:19:35.983
93840000,0.0637,1,2024-04-19 00:19:35.983
93845000,0.0532,1,2024-04-19 00:19:35.983
93851000,0.0002,1,2024-04-19 00:19:35.983
93802000,0.0013,0,2024-04-19 00:19:41.114
93801000,0.0003,0,2024-04-19 00:19:41.114
93800000,0.0368,0,2024-04-19 00:19:41.114
93793000,0.0001,0,2024-04-19 00:19:41.114
93791000,0.001,0,2024-04-19 00:19:41.114
93807000,0.3827,1,2024-04-19 00:19:41.114
93816000,0.0559,1,2024-04-19 00:19:41.114
93817000,0.2741,1,2024-04-19 00:19:41.114
93832000,0.0368,1,2024-04-19 00:19:41.114
93840000,0.0637,1,2024-04-19 00:19:41.114
93793000,0.0001,0,2024-04-19 00:19:46.396
93791000,0.001,0,2024-04-19 00:19:46.396
93790000,0.0042,0,2024-04-19 00:19:46.396
93786000,0.5107,0,2024-04-19 00:19:46.396
93780000,0.1,0,2024-04-19 00:19:46.396
93800000,0.1261,1,2024-04-19 00:19:46.396
93803000,0.014,1,2024-04-19 00:19:46.396
93806000,0.0574,1,2024-04-19 00:19:46.396
93807000,0.49,1,2024-04-19 00:19:46.396
93816000,0.0559,1,2024-04-19 00:19:46.396
93793000,0.05,0,2024-04-19 00:19:51.585
93791000,0,0,2024-04-19 00:19:51.585
93790000,0.0042,0,2024-04-19 00:19:51.585
93786000,0.5107,0,2024-04-19 00:19:51.585
93780000,0.1,0,2024-04-19 00:19:51.585
93800000,0.1255,1,2024-04-19 00:19:51.585
93801000,0.0062,1,2024-04-19 00:19:51.585
93803000,0.014,1,2024-04-19 00:19:51.585
93807000,0.1073,1,2024-04-19 00:19:51.585
93810000,0.1064,1,2024-04-19 00:19:51.585
93786000,0.1148,0,2024-04-19 00:19:56.724
93780000,0.1002,0,2024-04-19 00:19:56.724
93768000,0.001,0,2024-04-19 00:19:56.724
93759000,0.0145,0,2024-04-19 00:19:56.724
93756000,0.0022,0,2024-04-19 00:19:56.724
93792000,0.1104,1,2024-04-19 00:19:56.724
93793000,0.0051,1,2024-04-19 00:19:56.724
93800000,0.1792,1,2024-04-19 00:19:56.724
93801000,0.0062,1,2024-04-19 00:19:56.724
93802000,0.003,1,2024-04-19 00:19:56.724
93768000,0.001,0,2024-04-19 00:20:01.829
93759000,0.0145,0,2024-04-19 00:20:01.829
93756000,0.0022,0,2024-04-19 00:20:01.829
93754000,0.0002,0,2024-04-19 00:20:01.829
93753000,0.0009,0,2024-04-19 00:20:01.829
93780000,0.0242,1,2024-04-19 00:20:01.829
93786000,0.0197,1,2024-04-19 00:20:01.829
93789000,0.1065,1,2024-04-19 00:20:01.829
93792000,0.014,1,2024-04-19 00:20:01.829
93800000,0.0645,1,2024-04-19 00:20:01.829
93743000,0.3643,0,2024-04-19 00:20:06.934
93740000,0.0001,0,2024-04-19 00:20:06.934
93735000,0.0008,0,2024-04-19 00:20:06.934
93728000,0.0021,0,2024-04-19 00:20:06.934
93705000,0.0545,0,2024-04-19 00:20:06.934
93780000,0.1037,1,2024-04-19 00:20:06.934
93786000,0.0197,1,2024-04-19 00:20:06.934
93792000,0.014,1,2024-04-19 00:20:06.934
93800000,0.0645,1,2024-04-19 00:20:06.934
93802000,0.003,1,2024-04-19 00:20:06.934
93769000,0.0038,0,2024-04-19 00:20:12.043
93743000,0.3645,0,2024-04-19 00:20:12.043
93740000,0.0001,0,2024-04-19 00:20:12.043
93735000,0.0008,0,2024-04-19 00:20:12.043
93728000,0.0021,0,2024-04-19 00:20:12.043
93779000,0.0008,1,2024-04-19 00:20:12.043
93780000,0.0869,1,2024-04-19 00:20:12.043
93786000,0.0197,1,2024-04-19 00:20:12.043
93788000,0.0607,1,2024-04-19 00:20:12.043
93792000,0.014,1,2024-04-19 00:20:12.043
93769000,0,0,2024-04-19 00:20:17.148
93743000,0.3645,0,2024-04-19 00:20:17.148
93740000,0.0001,0,2024-04-19 00:20:17.148
93735000,0.0008,0,2024-04-19 00:20:17.148
93728000,0.0021,0,2024-04-19 00:20:17.148
93779000,0.0008,1,2024-04-19 00:20:17.148
93780000,0.0869,1,2024-04-19 00:20:17.148
93786000,0.0197,1,2024-04-19 00:20:17.148
93788000,0.0607,1,2024-04-19 00:20:17.148
93792000,0.014,1,2024-04-19 00:20:17.148
93743000,0.3579,0,2024-04-19 00:20:22.284
93740000,0.0001,0,2024-04-19 00:20:22.284
93735000,0.0008,0,2024-04-19 00:20:22.284
93728000,0.0021,0,2024-04-19 00:20:22.284
93725000,0.0546,0,2024-04-19 00:20:22.284
93769000,0.0536,1,2024-04-19 00:20:22.284
93780000,0.0869,1,2024-04-19 00:20:22.284
93786000,0.0197,1,2024-04-19 00:20:22.284
93792000,0.014,1,2024-04-19 00:20:22.284
93793000,0.0002,1,2024-04-19 00:20:22.284
93747000,0.0157,0,2024-04-19 00:20:27.447
93746000,0.0197,0,2024-04-19 00:20:27.447
93745000,0.1349,0,2024-04-19 00:20:27.447
93744000,0.0632,0,2024-04-19 00:20:27.447
93743000,0.2992,0,2024-04-19 00:20:27.447
93780000,0,1,2024-04-19 00:20:27.447
93786000,0.0197,1,2024-04-19 00:20:27.447
93792000,0.014,1,2024-04-19 00:20:27.447
93793000,0.0002,1,2024-04-19 00:20:27.447
93799000,0.0002,1,2024-04-19 00:20:27.447
93747000,0.0001,0,2024-04-19 00:20:32.555
93744000,0.0002,0,2024-04-19 00:20:32.555
93743000,0.2992,0,2024-04-19 00:20:32.555
93740000,0.0001,0,2024-04-19 00:20:32.555
93735000,0.0008,0,2024-04-19 00:20:32.555
93780000,0,1,2024-04-19 00:20:32.555
93786000,0.0197,1,2024-04-19 00:20:32.555
93792000,0.014,1,2024-04-19 00:20:32.555
93793000,0.0002,1,2024-04-19 00:20:32.555
93799000,0.0002,1,2024-04-19 00:20:32.555
93748000,0.0001,0,2024-04-19 00:20:38.252
93744000,0.0002,0,2024-04-19 00:20:38.252
93743000,0.2992,0,2024-04-19 00:20:38.252
93740000,0.0001,0,2024-04-19 00:20:38.252
93735000,0.0008,0,2024-04-19 00:20:38.252
93785000,0.0014,1,2024-04-19 00:20:38.252
93786000,0.0197,1,2024-04-19 00:20:38.252
93789000,0.0644,1,2024-04-19 00:20:38.252
93792000,0.014,1,2024-04-19 00:20:38.252
93793000,0.0002,1,2024-04-19 00:20:38.252
93748000,0.0002,0,2024-04-19 00:20:43.394
93745000,0.0021,0,2024-04-19 00:20:43.394
93744000,0.0002,0,2024-04-19 00:20:43.394
93743000,0.2992,0,2024-04-19 00:20:43.394
93740000,0.0001,0,2024-04-19 00:20:43.394
93785000,0.4142,1,2024-04-19 00:20:43.394
93786000,0.0943,1,2024-04-19 00:20:43.394
93792000,0.014,1,2024-04-19 00:20:43.394
93793000,0.0002,1,2024-04-19 00:20:43.394
93799000,0.0002,1,2024-04-19 00:20:43.394
