price,quantity,type,timestamp
4568000,0,0,2024-04-17 18:54:29.176
4567000,0.2408,0,2024-04-17 18:54:29.176
4566000,3.802,0,2024-04-17 18:54:29.176
4565000,0.1885,0,2024-04-17 18:54:29.176
4564000,1.2847,0,2024-04-17 18:54:29.176
4569000,4.3246,1,2024-04-17 18:54:29.176
4570000,19.2481,1,2024-04-17 18:54:29.176
4571000,80.9876,1,2024-04-17 18:54:29.176
4572000,8.4933,1,2024-04-17 18:54:29.176
4573000,4.7692,1,2024-04-17 18:54:29.176
4568000,0,0,2024-04-17 18:54:34.291
4567000,0.2408,0,2024-04-17 18:54:34.291
4566000,0.242,0,2024-04-17 18:54:34.291
4565000,0.1885,0,2024-04-17 18:54:34.291
4564000,0.0707,0,2024-04-17 18:54:34.291
4569000,8.0922,1,2024-04-17 18:54:34.291
4570000,15.4461,1,2024-04-17 18:54:34.291
4571000,81.9876,1,2024-04-17 18:54:34.291
4572000,8.8413,1,2024-04-17 18:54:34.291
4573000,1,1,2024-04-17 18:54:34.291
4568000,0,0,2024-04-17 18:54:39.392
4567000,0.2408,0,2024-04-17 18:54:39.392
4566000,0.242,0,2024-04-17 18:54:39.392
4565000,0.1885,0,2024-04-17 18:54:39.392
4564000,3.6307,0,2024-04-17 18:54:39.392
4569000,11.6522,1,2024-04-17 18:54:39.392
4570000,15.4461,1,2024-04-17 18:54:39.392
4571000,85.5476,1,2024-04-17 18:54:39.392
4572000,5.2813,1,2024-04-17 18:54:39.392
4573000,1,1,2024-04-17 18:54:39.392
4535000,1.469,0,2024-04-17 21:12:54.999
4534000,0.0947,0,2024-04-17 21:12:54.999
4533000,3.6743,0,2024-04-17 21:12:54.999
4532000,2.137,0,2024-04-17 21:12:54.999
4531000,1.6487,0,2024-04-17 21:12:54.999
4538000,20.8507,1,2024-04-17 21:12:54.999
4539000,1.7693,1,2024-04-17 21:12:54.999
4540000,5.7558,1,2024-04-17 21:12:54.999
4541000,17.952,1,2024-04-17 21:12:54.999
4542000,4.5371,1,2024-04-17 21:12:54.999
4532000,2.0348,0,2024-04-17 21:13:00.096
4531000,1.2141,0,2024-04-17 21:13:00.096
4530000,18.4911,0,2024-04-17 21:13:00.096
4529000,1.1179,0,2024-04-17 21:13:00.096
4528000,0.299,0,2024-04-17 21:13:00.096
4535000,0.0764,1,2024-04-17 21:13:00.096
4536000,3,1,2024-04-17 21:13:00.096
4537000,15.4336,1,2024-04-17 21:13:00.096
4538000,7.2009,1,2024-04-17 21:13:00.096
4539000,1.4186,1,2024-04-17 21:13:00.096
4532000,0.0032,0,2024-04-17 21:13:05.306
4531000,1.2141,0,2024-04-17 21:13:05.306
4530000,15.8479,0,2024-04-17 21:13:05.306
4529000,1.2263,0,2024-04-17 21:13:05.306
4528000,0.7396,0,2024-04-17 21:13:05.306
4534000,2.4146,1,2024-04-17 21:13:05.306
4535000,17.9977,1,2024-04-17 21:13:05.306
4536000,4.4517,1,2024-04-17 21:13:05.306
4537000,1.435,1,2024-04-17 21:13:05.306
4538000,7.2011,1,2024-04-17 21:13:05.306
4533000,1.0021,0,2024-04-17 21:13:10.588
4532000,1.8533,0,2024-04-17 21:13:10.588
4531000,16.7275,0,2024-04-17 21:13:10.588
4530000,16.2742,0,2024-04-17 21:13:10.588
4529000,3.6739,0,2024-04-17 21:13:10.588
4537000,0.0014,1,2024-04-17 21:13:10.588
4538000,5.4188,1,2024-04-17 21:13:10.588
4539000,4.4232,1,2024-04-17 21:13:10.588
4540000,4.435,1,2024-04-17 21:13:10.588
4541000,14.8524,1,2024-04-17 21:13:10.588
4533000,1.4395,0,2024-04-17 21:13:15.708
4532000,1.8533,0,2024-04-17 21:13:15.708
4531000,18.9277,0,2024-04-17 21:13:15.708
4530000,17.5884,0,2024-04-17 21:13:15.708
4529000,5.3641,0,2024-04-17 21:13:15.708
4537000,0.0014,1,2024-04-17 21:13:15.708
4538000,5.4188,1,2024-04-17 21:13:15.708
4539000,3.3506,1,2024-04-17 21:13:15.708
4540000,19,1,2024-04-17 21:13:15.708
4541000,16.2408,1,2024-04-17 21:13:15.708
4533000,11.2785,0,2024-04-17 21:13:20.830
4532000,1.7609,0,2024-04-17 21:13:20.830
4531000,2.6494,0,2024-04-17 21:13:20.830
4530000,26.8479,0,2024-04-17 21:13:20.830
4529000,5.3641,0,2024-04-17 21:13:20.830
4537000,0.0014,1,2024-04-17 21:13:20.830
4539000,0.35,1,2024-04-17 21:13:20.830
4540000,4.4061,1,2024-04-17 21:13:20.830
4541000,32.5024,1,2024-04-17 21:13:20.830
4542000,4.854,1,2024-04-17 21:13:20.830
4535000,1,0,2024-04-17 21:13:25.928
4531000,18.5034,0,2024-04-17 21:13:25.928
4530000,28.162,0,2024-04-17 21:13:25.928
4529000,5.7842,0,2024-04-17 21:13:25.928
4528000,46.1685,0,2024-04-17 21:13:25.928
4537000,0.4343,1,2024-04-17 21:13:25.928
4538000,1.8548,1,2024-04-17 21:13:25.928
4539000,18.4324,1,2024-04-17 21:13:25.928
4540000,3.35,1,2024-04-17 21:13:25.928
4541000,18.8166,1,2024-04-17 21:13:25.928
4531000,0.9442,0,2024-04-17 21:13:31.013
4530000,18.0476,0,2024-04-17 21:13:31.013
4529000,0.6741,0,2024-04-17 21:13:31.013
4528000,0.4011,0,2024-04-17 21:13:31.013
4527000,16.4931,0,2024-04-17 21:13:31.013
4533000,0.6824,1,2024-04-17 21:13:31.013
4534000,0.4326,1,2024-04-17 21:13:31.013
4535000,6.4493,1,2024-04-17 21:13:31.013
4536000,0.4333,1,2024-04-17 21:13:31.013
4537000,24.6858,1,2024-04-17 21:13:31.013
4530000,3.5468,0,2024-04-17 21:13:36.117
4529000,0.6741,0,2024-04-17 21:13:36.117
4528000,2.4997,0,2024-04-17 21:13:36.117
4527000,0.142,0,2024-04-17 21:13:36.117
4526000,10.3057,0,2024-04-17 21:13:36.117
4531000,25.5043,1,2024-04-17 21:13:36.117
4532000,4.3089,1,2024-04-17 21:13:36.117
4533000,5.7029,1,2024-04-17 21:13:36.117
4534000,4.4326,1,2024-04-17 21:13:36.117
4535000,6.4682,1,2024-04-17 21:13:36.117
4530000,3.5468,0,2024-04-17 21:13:41.223
4529000,0.6741,0,2024-04-17 21:13:41.223
4528000,0.299,0,2024-04-17 21:13:41.223
4527000,0.595,0,2024-04-17 21:13:41.223
4526000,10.3057,0,2024-04-17 21:13:41.223
4531000,10.0113,1,2024-04-17 21:13:41.223
4532000,1.7575,1,2024-04-17 21:13:41.223
4533000,3.3866,1,2024-04-17 21:13:41.223
4534000,19.4326,1,2024-04-17 21:13:41.223
4535000,11.4741,1,2024-04-17 21:13:41.223
4529000,0.6741,0,2024-04-17 21:13:46.343
4528000,0.299,0,2024-04-17 21:13:46.343
4527000,2.3436,0,2024-04-17 21:13:46.343
4526000,13.7594,0,2024-04-17 21:13:46.343
4525000,23.5154,0,2024-04-17 21:13:46.343
4530000,16.456,1,2024-04-17 21:13:46.343
4531000,10.0113,1,2024-04-17 21:13:46.343
4533000,3.3866,1,2024-04-17 21:13:46.343
4534000,19.1067,1,2024-04-17 21:13:46.343
4535000,6.4696,1,2024-04-17 21:13:46.343
4529000,0.6741,0,2024-04-17 21:13:51.465
4528000,0.299,0,2024-04-17 21:13:51.465
4527000,2.3436,0,2024-04-17 21:13:51.465
4526000,13.4078,0,2024-04-17 21:13:51.465
4525000,19.8254,0,2024-04-17 21:13:51.465
4530000,16.3147,1,2024-04-17 21:13:51.465
4531000,9.0004,1,2024-04-17 21:13:51.465
4532000,0.426,1,2024-04-17 21:13:51.465
4533000,3.3866,1,2024-04-17 21:13:51.465
4534000,19.7484,1,2024-04-17 21:13:51.465
4529000,0.0072,0,2024-04-17 21:13:56.584
4528000,0.299,0,2024-04-17 21:13:56.584
4527000,9.0336,0,2024-04-17 21:13:56.584
4526000,14.0785,0,2024-04-17 21:13:56.584
4525000,24.6175,0,2024-04-17 21:13:56.584
4530000,15.8256,1,2024-04-17 21:13:56.584
4531000,9.0004,1,2024-04-17 21:13:56.584
4533000,0.3866,1,2024-04-17 21:13:56.584
4534000,18.4326,1,2024-04-17 21:13:56.584
4535000,5.4696,1,2024-04-17 21:13:56.584
4529000,0.6795,0,2024-04-17 21:14:01.684
4528000,0.299,0,2024-04-17 21:14:01.684
4527000,3.142,0,2024-04-17 21:14:01.684
4526000,15.9291,0,2024-04-17 21:14:01.684
4525000,24.9689,0,2024-04-17 21:14:01.684
4531000,9.0004,1,2024-04-17 21:14:01.684
4533000,0.3866,1,2024-04-17 21:14:01.684
4534000,18.4326,1,2024-04-17 21:14:01.684
4535000,6.7852,1,2024-04-17 21:14:01.684
4536000,11.7308,1,2024-04-17 21:14:01.684
4528000,0.3432,0,2024-04-17 21:14:06.813
4527000,4.5945,0,2024-04-17 21:14:06.813
4526000,30.9291,0,2024-04-17 21:14:06.813
4525000,6.2786,0,2024-04-17 21:14:06.813
4524000,5.4155,0,2024-04-17 21:14:06.813
4531000,8.3435,1,2024-04-17 21:14:06.813
4534000,18.4326,1,2024-04-17 21:14:06.813
4535000,5.4696,1,2024-04-17 21:14:06.813
4536000,4.2192,1,2024-04-17 21:14:06.813
4537000,8.2883,1,2024-04-17 21:14:06.813
4528000,1.3756,0,2024-04-17 21:14:11.940
4526000,29.0785,0,2024-04-17 21:14:11.940
4525000,10.9328,0,2024-04-17 21:14:11.940
4524000,1.7255,0,2024-04-17 21:14:11.940
4523000,83.5318,0,2024-04-17 21:14:11.940
4531000,8.3435,1,2024-04-17 21:14:11.940
4533000,0.5507,1,2024-04-17 21:14:11.940
4534000,0.4326,1,2024-04-17 21:14:11.940
4535000,20.4696,1,2024-04-17 21:14:11.940
4536000,5.5345,1,2024-04-17 21:14:11.940
4527000,0.0463,0,2024-04-17 21:14:17.013
4526000,20.5095,0,2024-04-17 21:14:17.013
4525000,5.9417,0,2024-04-17 21:14:17.013
4524000,1.7255,0,2024-04-17 21:14:17.013
4523000,87.2218,0,2024-04-17 21:14:17.013
4531000,8.3435,1,2024-04-17 21:14:17.013
4533000,0.5507,1,2024-04-17 21:14:17.013
4534000,0.4326,1,2024-04-17 21:14:17.013
4535000,20.4696,1,2024-04-17 21:14:17.013
4536000,5.5346,1,2024-04-17 21:14:17.013
4526000,5.8605,0,2024-04-17 21:14:22.106
4525000,9.1885,0,2024-04-17 21:14:22.106
4524000,16.7255,0,2024-04-17 21:14:22.106
4523000,83.5318,0,2024-04-17 21:14:22.106
4522000,15.2972,0,2024-04-17 21:14:22.106
4531000,8.3435,1,2024-04-17 21:14:22.106
4532000,0.4186,1,2024-04-17 21:14:22.106
4533000,15.5507,1,2024-04-17 21:14:22.106
4534000,3.4326,1,2024-04-17 21:14:22.106
4535000,6.4696,1,2024-04-17 21:14:22.106
4527000,0.0044,0,2024-04-17 21:14:27.213
4526000,0.3079,0,2024-04-17 21:14:27.213
4525000,8.0516,0,2024-04-17 21:14:27.213
4524000,16.2986,0,2024-04-17 21:14:27.213
4523000,5.1634,0,2024-04-17 21:14:27.213
4530000,0.4388,1,2024-04-17 21:14:27.213
4531000,8.0583,1,2024-04-17 21:14:27.213
4532000,0.4186,1,2024-04-17 21:14:27.213
4533000,23.5568,1,2024-04-17 21:14:27.213
4534000,1,1,2024-04-17 21:14:27.213
4527000,0.5335,0,2024-04-17 21:14:32.317
4526000,5.3079,0,2024-04-17 21:14:32.317
4525000,8.2725,0,2024-04-17 21:14:32.317
4524000,16.2986,0,2024-04-17 21:14:32.317
4523000,4.747,0,2024-04-17 21:14:32.317
4530000,5.0315,1,2024-04-17 21:14:32.317
4531000,8.0583,1,2024-04-17 21:14:32.317
4532000,0.4186,1,2024-04-17 21:14:32.317
4533000,23.5569,1,2024-04-17 21:14:32.317
4534000,1,1,2024-04-17 21:14:32.317
4527000,1.5335,0,2024-04-17 21:14:37.415
4526000,5.3079,0,2024-04-17 21:14:37.415
4525000,7.9209,0,2024-04-17 21:14:37.415
4524000,4.3401,0,2024-04-17 21:14:37.415
4523000,16.057,0,2024-04-17 21:14:37.415
4530000,8.7215,1,2024-04-17 21:14:37.415
4531000,23.0583,1,2024-04-17 21:14:37.415
4532000,4.1086,1,2024-04-17 21:14:37.415
4533000,4.8669,1,2024-04-17 21:14:37.415
4534000,6.41,1,2024-04-17 21:14:37.415
4527000,1.5335,0,2024-04-17 21:14:42.513
4526000,5.3079,0,2024-04-17 21:14:42.513
4525000,5.7193,0,2024-04-17 21:14:42.513
4524000,4.3401,0,2024-04-17 21:14:42.513
4523000,16.057,0,2024-04-17 21:14:42.513
4530000,5.0315,1,2024-04-17 21:14:42.513
4531000,23.0583,1,2024-04-17 21:14:42.513
4532000,0.4186,1,2024-04-17 21:14:42.513
4533000,4.8669,1,2024-04-17 21:14:42.513
4534000,1,1,2024-04-17 21:14:42.513
4528000,2.8243,0,2024-04-17 21:14:47.608
4527000,1.5305,0,2024-04-17 21:14:47.608
4526000,5.3079,0,2024-04-17 21:14:47.608
4525000,2.6172,0,2024-04-17 21:14:47.608
4524000,0.2986,0,2024-04-17 21:14:47.608
4529000,0.444,1,2024-04-17 21:14:47.608
4530000,6.5269,1,2024-04-17 21:14:47.608
4531000,24.4428,1,2024-04-17 21:14:47.608
4532000,4.5207,1,2024-04-17 21:14:47.608
4533000,8.0406,1,2024-04-17 21:14:47.608
4526000,0.0833,0,2024-04-17 21:14:52.735
4525000,2.582,0,2024-04-17 21:14:52.735
4524000,0.2986,0,2024-04-17 21:14:52.735
4523000,0.057,0,2024-04-17 21:14:52.735
4522000,0.2807,0,2024-04-17 21:14:52.735
4528000,22.4207,1,2024-04-17 21:14:52.735
4529000,1.444,1,2024-04-17 21:14:52.735
4530000,8.731,1,2024-04-17 21:14:52.735
4531000,5,1,2024-04-17 21:14:52.735
4532000,1,1,2024-04-17 21:14:52.735
4525000,2.582,0,2024-04-17 21:14:57.876
4524000,0.2986,0,2024-04-17 21:14:57.876
4523000,0.057,0,2024-04-17 21:14:57.876
4522000,1.81,0,2024-04-17 21:14:57.876
4521000,18.931,0,2024-04-17 21:14:57.876
4526000,1.9166,1,2024-04-17 21:14:57.876
4528000,3.8774,1,2024-04-17 21:14:57.876
4529000,17.7612,1,2024-04-17 21:14:57.876
4530000,8.731,1,2024-04-17 21:14:57.876
4531000,9.1083,1,2024-04-17 21:14:57.876
4523000,0.5291,0,2024-04-17 21:15:03.068
4521000,21.0064,0,2024-04-17 21:15:03.068
4520000,15.9455,0,2024-04-17 21:15:03.068
4519000,4.6272,0,2024-04-17 21:15:03.068
4518000,9.5239,0,2024-04-17 21:15:03.068
4526000,1.9166,1,2024-04-17 21:15:03.068
4527000,1.3228,1,2024-04-17 21:15:03.068
4528000,4.4309,1,2024-04-17 21:15:03.068
4529000,16.7614,1,2024-04-17 21:15:03.068
4530000,8.6285,1,2024-04-17 21:15:03.068
4526000,0.0042,0,2024-04-17 21:15:08.169
4523000,0.5291,0,2024-04-17 21:15:08.169
4521000,6.0901,0,2024-04-17 21:15:08.169
4520000,30.9455,0,2024-04-17 21:15:08.169
4519000,4.6272,0,2024-04-17 21:15:08.169
4528000,1.5725,1,2024-04-17 21:15:08.169
4529000,15.4478,1,2024-04-17 21:15:08.169
4530000,8.6285,1,2024-04-17 21:15:08.169
4531000,5.4183,1,2024-04-17 21:15:08.169
4532000,1,1,2024-04-17 21:15:08.169
4523000,0.3835,0,2024-04-17 21:15:13.257
4522000,18.4329,0,2024-04-17 21:15:13.257
4521000,6.0802,0,2024-04-17 21:15:13.257
4520000,16.9455,0,2024-04-17 21:15:13.257
4519000,4.6272,0,2024-04-17 21:15:13.257
4528000,1.5647,1,2024-04-17 21:15:13.257
4529000,3.0038,1,2024-04-17 21:15:13.257
4530000,25.3786,1,2024-04-17 21:15:13.257
4531000,5.4183,1,2024-04-17 21:15:13.257
4532000,4,1,2024-04-17 21:15:13.257
4524000,3.4235,0,2024-04-17 21:15:18.885
4523000,21.4675,0,2024-04-17 21:15:18.885
4522000,4.4386,0,2024-04-17 21:15:18.885
4521000,4.4319,0,2024-04-17 21:15:18.885
4520000,16.5136,0,2024-04-17 21:15:18.885
4530000,4.0632,1,2024-04-17 21:15:18.885
4531000,1,1,2024-04-17 21:15:18.885
4532000,18.4284,1,2024-04-17 21:15:18.885
4533000,5.7636,1,2024-04-17 21:15:18.885
4534000,4,1,2024-04-17 21:15:18.885
4528000,3.4319,0,2024-04-17 21:15:24.643
4527000,19.4507,0,2024-04-17 21:15:24.643
4526000,3.4353,0,2024-04-17 21:15:24.643
4525000,7.1201,0,2024-04-17 21:15:24.643
4524000,4.4235,0,2024-04-17 21:15:24.643
4530000,4.02,1,2024-04-17 21:15:24.643
4531000,1,1,2024-04-17 21:15:24.643
4534000,1.5619,1,2024-04-17 21:15:24.643
4535000,0.0014,1,2024-04-17 21:15:24.643
4536000,19.0015,1,2024-04-17 21:15:24.643
4528000,3.0079,0,2024-04-17 21:15:30.369
4527000,18.4617,0,2024-04-17 21:15:30.369
4526000,6.6384,0,2024-04-17 21:15:30.369
4525000,3.2499,0,2024-04-17 21:15:30.369
4524000,11.7311,0,2024-04-17 21:15:30.369
4530000,4.9382,1,2024-04-17 21:15:30.369
4531000,1,1,2024-04-17 21:15:30.369
4534000,1.5619,1,2024-04-17 21:15:30.369
4535000,0.0014,1,2024-04-17 21:15:30.369
4536000,19.0018,1,2024-04-17 21:15:30.369
4528000,2.5652,0,2024-04-17 21:15:35.623
4527000,3.4617,0,2024-04-17 21:15:35.623
4526000,21.6479,0,2024-04-17 21:15:35.623
4525000,88.4136,0,2024-04-17 21:15:35.623
4524000,7.701,0,2024-04-17 21:15:35.623
4530000,4.9081,1,2024-04-17 21:15:35.623
4531000,1,1,2024-04-17 21:15:35.623
4533000,1.5622,1,2024-04-17 21:15:35.623
4534000,1.9774,1,2024-04-17 21:15:35.623
4535000,15.4524,1,2024-04-17 21:15:35.623
4527000,3.701,0,2024-04-17 21:15:40.730
4526000,7.5023,0,2024-04-17 21:15:40.730
4525000,4.453,0,2024-04-17 21:15:40.730
4524000,24.4273,0,2024-04-17 21:15:40.730
4523000,92.0777,0,2024-04-17 21:15:40.730
4530000,4.8354,1,2024-04-17 21:15:40.730
4531000,1,1,2024-04-17 21:15:40.730
4533000,18.6938,1,2024-04-17 21:15:40.730
4534000,3.419,1,2024-04-17 21:15:40.730
4535000,8.291,1,2024-04-17 21:15:40.730
4527000,1.0298,0,2024-04-17 21:15:45.853
4526000,0.021,0,2024-04-17 21:15:45.853
4525000,8.4941,0,2024-04-17 21:15:45.853
4524000,24.0232,0,2024-04-17 21:15:45.853
4523000,89.6677,0,2024-04-17 21:15:45.853
4530000,6.3343,1,2024-04-17 21:15:45.853
4531000,1,1,2024-04-17 21:15:45.853
4533000,22.1156,1,2024-04-17 21:15:45.853
4534000,4.419,1,2024-04-17 21:15:45.853
4535000,9.6069,1,2024-04-17 21:15:45.853
4527000,1.0343,0,2024-04-17 21:15:50.964
4526000,3.0214,0,2024-04-17 21:15:50.964
4525000,5.9399,0,2024-04-17 21:15:50.964
4524000,22.7073,0,2024-04-17 21:15:50.964
4523000,89.6677,0,2024-04-17 21:15:50.964
4530000,4.7864,1,2024-04-17 21:15:50.964
4531000,1,1,2024-04-17 21:15:50.964
4532000,1.5584,1,2024-04-17 21:15:50.964
4533000,18.0038,1,2024-04-17 21:15:50.964
4534000,8.109,1,2024-04-17 21:15:50.964
4527000,1.1006,0,2024-04-17 21:15:56.064
4526000,2.6702,0,2024-04-17 21:15:56.064
4525000,7.2556,0,2024-04-17 21:15:56.064
4524000,22.7073,0,2024-04-17 21:15:56.064
4523000,89.6778,0,2024-04-17 21:15:56.064
4530000,4.7864,1,2024-04-17 21:15:56.064
4531000,1,1,2024-04-17 21:15:56.064
4532000,1.5584,1,2024-04-17 21:15:56.064
4533000,18.0038,1,2024-04-17 21:15:56.064
4534000,4.419,1,2024-04-17 21:15:56.064
4528000,0.4434,0,2024-04-17 21:16:01.177
4527000,3.6536,0,2024-04-17 21:16:01.177
4526000,18.4671,0,2024-04-17 21:16:01.177
4525000,6.9399,0,2024-04-17 21:16:01.177
4524000,7.7073,0,2024-04-17 21:16:01.177
4530000,4.7864,1,2024-04-17 21:16:01.177
4531000,1,1,2024-04-17 21:16:01.177
4532000,1.5584,1,2024-04-17 21:16:01.177
4533000,0.0038,1,2024-04-17 21:16:01.177
4534000,18,1,2024-04-17 21:16:01.177
4529000,2.6205,0,2024-04-17 21:16:06.319
4528000,19.7581,0,2024-04-17 21:16:06.319
4527000,4.2092,0,2024-04-17 21:16:06.319
4526000,4.4671,0,2024-04-17 21:16:06.319
4525000,6.7419,0,2024-04-17 21:16:06.319
4530000,1.3878,1,2024-04-17 21:16:06.319
4531000,1,1,2024-04-17 21:16:06.319
4535000,1.7171,1,2024-04-17 21:16:06.319
4536000,18.2192,1,2024-04-17 21:16:06.319
4537000,4.7695,1,2024-04-17 21:16:06.319
4529000,0.011,0,2024-04-17 21:16:11.533
4527000,0.6728,0,2024-04-17 21:16:11.533
4526000,0.3726,0,2024-04-17 21:16:11.533
4525000,2.2495,0,2024-04-17 21:16:11.533
4524000,3.4419,0,2024-04-17 21:16:11.533
4530000,1.5831,1,2024-04-17 21:16:11.533
4531000,1,1,2024-04-17 21:16:11.533
4532000,18,1,2024-04-17 21:16:11.533
4533000,0.0038,1,2024-04-17 21:16:11.533
4534000,4.4357,1,2024-04-17 21:16:11.533
4530000,0.091,0,2024-04-17 21:16:16.616
4529000,0.011,0,2024-04-17 21:16:16.616
4527000,0.6728,0,2024-04-17 21:16:16.616
4526000,0.021,0,2024-04-17 21:16:16.616
4525000,2.6006,0,2024-04-17 21:16:16.616
4531000,2.5831,1,2024-04-17 21:16:16.616
4532000,15,1,2024-04-17 21:16:16.616
4533000,3.4405,1,2024-04-17 21:16:16.616
4534000,4.4357,1,2024-04-17 21:16:16.616
4535000,1.5725,1,2024-04-17 21:16:16.616
4530000,0.091,0,2024-04-17 21:16:21.727
4529000,0.011,0,2024-04-17 21:16:21.727
4527000,1.107,0,2024-04-17 21:16:21.727
4526000,3.457,0,2024-04-17 21:16:21.727
4525000,18.963,0,2024-04-17 21:16:21.727
4531000,0.8897,1,2024-04-17 21:16:21.727
4533000,1.5831,1,2024-04-17 21:16:21.727
4534000,18.0038,1,2024-04-17 21:16:21.727
4535000,1.9232,1,2024-04-17 21:16:21.727
4536000,4.2192,1,2024-04-17 21:16:21.727
4530000,0.0876,0,2024-04-17 21:16:26.817
4529000,0.011,0,2024-04-17 21:16:26.817
4527000,0.6828,0,2024-04-17 21:16:26.817
4526000,0.021,0,2024-04-17 21:16:26.817
4525000,1.7113,0,2024-04-17 21:16:26.817
4531000,2.4698,1,2024-04-17 21:16:26.817
4532000,15.4221,1,2024-04-17 21:16:26.817
4533000,3.7685,1,2024-04-17 21:16:26.817
4534000,4.6866,1,2024-04-17 21:16:26.817
4535000,1.5725,1,2024-04-17 21:16:26.817
4529000,0.011,0,2024-04-17 21:16:31.938
4527000,0.6828,0,2024-04-17 21:16:31.938
4526000,0.021,0,2024-04-17 21:16:31.938
4525000,7.7423,0,2024-04-17 21:16:31.938
4524000,19.7725,0,2024-04-17 21:16:31.938
4530000,0.0708,1,2024-04-17 21:16:31.938
4531000,2.4698,1,2024-04-17 21:16:31.938
4532000,18.4221,1,2024-04-17 21:16:31.938
4533000,4.4214,1,2024-04-17 21:16:31.938
4534000,8.3728,1,2024-04-17 21:16:31.938
4527000,0.6828,0,2024-04-17 21:16:37.018
4526000,3.711,0,2024-04-17 21:16:37.018
4525000,0.1204,0,2024-04-17 21:16:37.018
4524000,15.0173,0,2024-04-17 21:16:37.018
4523000,7.0836,0,2024-04-17 21:16:37.018
4530000,5.6977,1,2024-04-17 21:16:37.018
4531000,4.6693,1,2024-04-17 21:16:37.018
4532000,22.1121,1,2024-04-17 21:16:37.018
4533000,5.1042,1,2024-04-17 21:16:37.018
4534000,9.41,1,2024-04-17 21:16:37.018
4527000,0.6828,0,2024-04-17 21:16:42.117
4526000,3.7221,0,2024-04-17 21:16:42.117
4525000,0.1204,0,2024-04-17 21:16:42.117
4524000,15.0173,0,2024-04-17 21:16:42.117
4523000,4.7098,0,2024-04-17 21:16:42.117
4530000,5.6977,1,2024-04-17 21:16:42.117
4531000,4.6693,1,2024-04-17 21:16:42.117
4532000,22.1121,1,2024-04-17 21:16:42.117
4533000,5.2427,1,2024-04-17 21:16:42.117
4534000,9.41,1,2024-04-17 21:16:42.117
4527000,0.6828,0,2024-04-17 21:16:47.231
4526000,0.0321,0,2024-04-17 21:16:47.231
4525000,0.1204,0,2024-04-17 21:16:47.231
4524000,22.3973,0,2024-04-17 21:16:47.231
4523000,3.3936,0,2024-04-17 21:16:47.231
4530000,2.3546,1,2024-04-17 21:16:47.231
4531000,4.3186,1,2024-04-17 21:16:47.231
4532000,22.1121,1,2024-04-17 21:16:47.231
4533000,4.5599,1,2024-04-17 21:16:47.231
4534000,4,1,2024-04-17 21:16:47.231
4527000,0.6415,0,2024-04-17 21:16:52.319
4526000,0.0321,0,2024-04-17 21:16:52.319
4525000,3.8104,0,2024-04-17 21:16:52.319
4524000,15.7001,0,2024-04-17 21:16:52.319
4523000,3.8168,0,2024-04-17 21:16:52.319
4530000,0.3509,1,2024-04-17 21:16:52.319
4531000,5.9017,1,2024-04-17 21:16:52.319
4532000,18.4221,1,2024-04-17 21:16:52.319
4533000,8.2499,1,2024-04-17 21:16:52.319
4534000,4,1,2024-04-17 21:16:52.319
4526000,0.0431,0,2024-04-17 21:16:57.446
4525000,3.7121,0,2024-04-17 21:16:57.446
4524000,20.3182,0,2024-04-17 21:16:57.446
4523000,3.8168,0,2024-04-17 21:16:57.446
4522000,39.1697,0,2024-04-17 21:16:57.446
4527000,1.0533,1,2024-04-17 21:16:57.446
4530000,0.2192,1,2024-04-17 21:16:57.446
4531000,6.2513,1,2024-04-17 21:16:57.446
4532000,7.1121,1,2024-04-17 21:16:57.446
4533000,23.1076,1,2024-04-17 21:16:57.446
4526000,3.0431,0,2024-04-17 21:17:02.604
4525000,7.2302,0,2024-04-17 21:17:02.604
4524000,19.5447,0,2024-04-17 21:17:02.604
4523000,69.7972,0,2024-04-17 21:17:02.604
4522000,9.8592,0,2024-04-17 21:17:02.604
4527000,0.9883,1,2024-04-17 21:17:02.604
4530000,0.2192,1,2024-04-17 21:17:02.604
4531000,2.4682,1,2024-04-17 21:17:02.604
4532000,0.7733,1,2024-04-17 21:17:02.604
4533000,18.4176,1,2024-04-17 21:17:02.604
4527000,0.2317,0,2024-04-17 21:17:07.828
4525000,3,0,2024-04-17 21:17:07.828
4524000,21.3182,0,2024-04-17 21:17:07.828
4523000,70.1489,0,2024-04-17 21:17:07.828
4522000,9.8592,0,2024-04-17 21:17:07.828
4530000,1.826,1,2024-04-17 21:17:07.828
4531000,1.3269,1,2024-04-17 21:17:07.828
4532000,0.4259,1,2024-04-17 21:17:07.828
4533000,22.1076,1,2024-04-17 21:17:07.828
4534000,4,1,2024-04-17 21:17:07.828
4527000,0.2317,0,2024-04-17 21:17:12.907
4525000,3,0,2024-04-17 21:17:12.907
4524000,18.1156,0,2024-04-17 21:17:12.907
4523000,69.374,0,2024-04-17 21:17:12.907
4522000,13.5492,0,2024-04-17 21:17:12.907
4530000,2.2439,1,2024-04-17 21:17:12.907
4531000,5.3675,1,2024-04-17 21:17:12.907
4532000,0.4259,1,2024-04-17 21:17:12.907
4533000,22.1076,1,2024-04-17 21:17:12.907
4534000,4,1,2024-04-17 21:17:12.907
4527000,0.2317,0,2024-04-17 21:17:18.039
4525000,13.8982,0,2024-04-17 21:17:18.039
4524000,18.1156,0,2024-04-17 21:17:18.039
4523000,51.5978,0,2024-04-17 21:17:18.039
4522000,9.8592,0,2024-04-17 21:17:18.039
4530000,0.2192,1,2024-04-17 21:17:18.039
4531000,2.9337,1,2024-04-17 21:17:18.039
4532000,0.7771,1,2024-04-17 21:17:18.039
4533000,22.1076,1,2024-04-17 21:17:18.039
4534000,4,1,2024-04-17 21:17:18.039
4527000,0.0931,0,2024-04-17 21:17:23.123
4526000,3.69,0,2024-04-17 21:17:23.123
4525000,8.8926,0,2024-04-17 21:17:23.123
4524000,20.4311,0,2024-04-17 21:17:23.123
4523000,51.5978,0,2024-04-17 21:17:23.123
4530000,0.2192,1,2024-04-17 21:17:23.123
4531000,2.9337,1,2024-04-17 21:17:23.123
4532000,0.7771,1,2024-04-17 21:17:23.123
4533000,22.1076,1,2024-04-17 21:17:23.123
4534000,4,1,2024-04-17 21:17:23.123
4527000,3.0804,0,2024-04-17 21:17:28.225
4525000,8.0053,0,2024-04-17 21:17:28.225
4524000,19.5353,0,2024-04-17 21:17:28.225
4523000,51.5978,0,2024-04-17 21:17:28.225
4522000,6.8592,0,2024-04-17 21:17:28.225
4530000,0.2192,1,2024-04-17 21:17:28.225
4531000,0.8867,1,2024-04-17 21:17:28.225
4532000,5.7321,1,2024-04-17 21:17:28.225
4533000,18.7683,1,2024-04-17 21:17:28.225
4534000,4,1,2024-04-17 21:17:28.225
4526000,18,0,2024-04-17 21:17:33.329
4525000,4.4319,0,2024-04-17 21:17:33.329
4524000,54.1584,0,2024-04-17 21:17:33.329
4523000,1.8366,0,2024-04-17 21:17:33.329
4522000,1.67,0,2024-04-17 21:17:33.329
4530000,0.2192,1,2024-04-17 21:17:33.329
4531000,0.8867,1,2024-04-17 21:17:33.329
4532000,1.618,1,2024-04-17 21:17:33.329
4533000,0.7682,1,2024-04-17 21:17:33.329
4534000,18,1,2024-04-17 21:17:33.329
4526000,19.3149,0,2024-04-17 21:17:38.444
4525000,6.204,0,2024-04-17 21:17:38.444
4524000,51.9553,0,2024-04-17 21:17:38.444
4523000,1.8366,0,2024-04-17 21:17:38.444
4522000,2.0215,0,2024-04-17 21:17:38.444
4530000,0.4786,1,2024-04-17 21:17:38.444
4531000,1.1462,1,2024-04-17 21:17:38.444
4532000,1.618,1,2024-04-17 21:17:38.444
4533000,0.7683,1,2024-04-17 21:17:38.444
4534000,18,1,2024-04-17 21:17:38.444
4528000,3,0,2024-04-17 21:17:43.566
4527000,3,0,2024-04-17 21:17:43.566
4526000,19.0441,0,2024-04-17 21:17:43.566
4525000,1.4197,0,2024-04-17 21:17:43.566
4524000,1.437,0,2024-04-17 21:17:43.566
4531000,1.1248,1,2024-04-17 21:17:43.566
4532000,0.2594,1,2024-04-17 21:17:43.566
4533000,2.149,1,2024-04-17 21:17:43.566
4534000,0.7765,1,2024-04-17 21:17:43.566
4535000,15.5913,1,2024-04-17 21:17:43.566
4526000,3.0441,0,2024-04-17 21:17:48.666
4525000,18.5404,0,2024-04-17 21:17:48.666
4524000,55.1264,0,2024-04-17 21:17:48.666
4523000,16.8366,0,2024-04-17 21:17:48.666
4522000,11.2375,0,2024-04-17 21:17:48.666
4531000,3.2691,1,2024-04-17 21:17:48.666
4532000,15.6927,1,2024-04-17 21:17:48.666
4533000,16.148,1,2024-04-17 21:17:48.666
4534000,7.1156,1,2024-04-17 21:17:48.666
4535000,4.15,1,2024-04-17 21:17:48.666
4526000,5.2472,0,2024-04-17 21:17:53.792
4525000,31.022,0,2024-04-17 21:17:53.792
4524000,55.5537,0,2024-04-17 21:17:53.792
4523000,1.8366,0,2024-04-17 21:17:53.792
4522000,11.2375,0,2024-04-17 21:17:53.792
4531000,1.2288,1,2024-04-17 21:17:53.792
4532000,1.8703,1,2024-04-17 21:17:53.792
4533000,16.1484,1,2024-04-17 21:17:53.792
4534000,18.4256,1,2024-04-17 21:17:53.792
4535000,4.15,1,2024-04-17 21:17:53.792
4527000,18.7734,0,2024-04-17 21:17:58.926
4526000,4.0441,0,2024-04-17 21:17:58.926
4525000,16.4514,0,2024-04-17 21:17:58.926
4524000,55.5537,0,2024-04-17 21:17:58.926
4523000,1.8366,0,2024-04-17 21:17:58.926
4531000,1.0092,1,2024-04-17 21:17:58.926
4532000,0.2594,1,2024-04-17 21:17:58.926
4533000,15.7123,1,2024-04-17 21:17:58.926
4534000,0.4256,1,2024-04-17 21:17:58.926
4535000,3.15,1,2024-04-17 21:17:58.926
4529000,4.3141,0,2024-04-17 21:18:04.030
4528000,51.9299,0,2024-04-17 21:18:04.030
4527000,20.2032,0,2024-04-17 21:18:04.030
4526000,1.462,0,2024-04-17 21:18:04.030
4525000,16.4514,0,2024-04-17 21:18:04.030
4531000,1.001,1,2024-04-17 21:18:04.030
4532000,0.2594,1,2024-04-17 21:18:04.030
4533000,15.2594,1,2024-04-17 21:18:04.030
4535000,0.5787,1,2024-04-17 21:18:04.030
4536000,0.4552,1,2024-04-17 21:18:04.030
4530000,1.3139,0,2024-04-17 21:18:09.130
4529000,3,0,2024-04-17 21:18:09.130
4528000,49.7612,0,2024-04-17 21:18:09.130
4527000,20.2032,0,2024-04-17 21:18:09.130
4526000,1.462,0,2024-04-17 21:18:09.130
4531000,1.3641,1,2024-04-17 21:18:09.130
4532000,0.2594,1,2024-04-17 21:18:09.130
4533000,15.2594,1,2024-04-17 21:18:09.130
4535000,0.9505,1,2024-04-17 21:18:09.130
4536000,0.4552,1,2024-04-17 21:18:09.130
4529000,5.2011,0,2024-04-17 21:18:14.254
4528000,49.7612,0,2024-04-17 21:18:14.254
4527000,19.4032,0,2024-04-17 21:18:14.254
4526000,1.462,0,2024-04-17 21:18:14.254
4525000,16.4514,0,2024-04-17 21:18:14.254
4532000,0.0157,1,2024-04-17 21:18:14.254
4533000,15.2594,1,2024-04-17 21:18:14.254
4535000,0.15,1,2024-04-17 21:18:14.254
4536000,0.8056,1,2024-04-17 21:18:14.254
4537000,18.0364,1,2024-04-17 21:18:14.254
4529000,6.5154,0,2024-04-17 21:18:19.361
4528000,49.7612,0,2024-04-17 21:18:19.361
4527000,3.9734,0,2024-04-17 21:18:19.361
4526000,16.462,0,2024-04-17 21:18:19.361
4525000,18.2522,0,2024-04-17 21:18:19.361
4532000,0.0115,1,2024-04-17 21:18:19.361
4533000,15.2594,1,2024-04-17 21:18:19.361
4534000,0.7995,1,2024-04-17 21:18:19.361
4535000,0.6857,1,2024-04-17 21:18:19.361
4536000,0.4552,1,2024-04-17 21:18:19.361
4529000,2.1963,0,2024-04-17 21:18:24.450
4528000,3,0,2024-04-17 21:18:24.450
4527000,49.6788,0,2024-04-17 21:18:24.450
4526000,16.0441,0,2024-04-17 21:18:24.450
4525000,18.2522,0,2024-04-17 21:18:24.450
4532000,0.2288,1,2024-04-17 21:18:24.450
4533000,15.2594,1,2024-04-17 21:18:24.450
4534000,15.7995,1,2024-04-17 21:18:24.450
4535000,0.6857,1,2024-04-17 21:18:24.450
4536000,3.4552,1,2024-04-17 21:18:24.450
4528000,2.2002,0,2024-04-17 21:18:29.598
4527000,47.1488,0,2024-04-17 21:18:29.598
4526000,16.4798,0,2024-04-17 21:18:29.598
4525000,18.6036,0,2024-04-17 21:18:29.598
4524000,7.3548,0,2024-04-17 21:18:29.598
4533000,15.1554,1,2024-04-17 21:18:29.598
4535000,15.5836,1,2024-04-17 21:18:29.598
4536000,0.4552,1,2024-04-17 21:18:29.598
4537000,3.0364,1,2024-04-17 21:18:29.598
4538000,4.4176,1,2024-04-17 21:18:29.598
4528000,3.5143,0,2024-04-17 21:18:34.686
4527000,46.7054,0,2024-04-17 21:18:34.686
4526000,16.4798,0,2024-04-17 21:18:34.686
4525000,21.9422,0,2024-04-17 21:18:34.686
4524000,7.7063,0,2024-04-17 21:18:34.686
4533000,15.0026,1,2024-04-17 21:18:34.686
4534000,0.45,1,2024-04-17 21:18:34.686
4535000,16.036,1,2024-04-17 21:18:34.686
4536000,0.4552,1,2024-04-17 21:18:34.686
4537000,3.0364,1,2024-04-17 21:18:34.686
4530000,3.69,0,2024-04-17 21:18:39.779
4529000,3.69,0,2024-04-17 21:18:39.779
4528000,49.1338,0,2024-04-17 21:18:39.779
4527000,1,0,2024-04-17 21:18:39.779
4526000,16.4798,0,2024-04-17 21:18:39.779
4533000,14.4458,1,2024-04-17 21:18:39.779
4534000,0.45,1,2024-04-17 21:18:39.779
4535000,16.0363,1,2024-04-17 21:18:39.779
4536000,4.1452,1,2024-04-17 21:18:39.779
4537000,3.0364,1,2024-04-17 21:18:39.779
4528000,50.6236,0,2024-04-17 21:18:44.924
4527000,1,0,2024-04-17 21:18:44.924
4526000,21.8898,0,2024-04-17 21:18:44.924
4525000,23.6622,0,2024-04-17 21:18:44.924
4524000,2.669,0,2024-04-17 21:18:44.924
4533000,15.2718,1,2024-04-17 21:18:44.924
4534000,4.14,1,2024-04-17 21:18:44.924
4535000,16.0364,1,2024-04-17 21:18:44.924
4536000,4.1452,1,2024-04-17 21:18:44.924
4537000,3.0364,1,2024-04-17 21:18:44.924
4529000,2.2002,0,2024-04-17 21:18:50.022
4528000,52.9995,0,2024-04-17 21:18:50.022
4526000,21.4541,0,2024-04-17 21:18:50.022
4525000,23.6622,0,2024-04-17 21:18:50.022
4524000,1.4446,0,2024-04-17 21:18:50.022
4533000,15.6967,1,2024-04-17 21:18:50.022
4534000,0.8006,1,2024-04-17 21:18:50.022
4535000,19.3757,1,2024-04-17 21:18:50.022
4536000,3.4552,1,2024-04-17 21:18:50.022
4537000,4.0364,1,2024-04-17 21:18:50.022
4530000,3.69,0,2024-04-17 21:18:55.116
4529000,0.2207,0,2024-04-17 21:18:55.116
4527000,38.0381,0,2024-04-17 21:18:55.116
4526000,21.4541,0,2024-04-17 21:18:55.116
4525000,23.6622,0,2024-04-17 21:18:55.116
4533000,15.3497,1,2024-04-17 21:18:55.116
4534000,0.8009,1,2024-04-17 21:18:55.116
4535000,19.3757,1,2024-04-17 21:18:55.116
4536000,3.4552,1,2024-04-17 21:18:55.116
4537000,4.0364,1,2024-04-17 21:18:55.116
4530000,5.8731,0,2024-04-17 21:19:00.239
4529000,0.2207,0,2024-04-17 21:19:00.239
4528000,5.0042,0,2024-04-17 21:19:00.239
4527000,36.7237,0,2024-04-17 21:19:00.239
4526000,21.8773,0,2024-04-17 21:19:00.239
4533000,16.3497,1,2024-04-17 21:19:00.239
4534000,0.8009,1,2024-04-17 21:19:00.239
4535000,15.6857,1,2024-04-17 21:19:00.239
4536000,3.4552,1,2024-04-17 21:19:00.239
4537000,7.7264,1,2024-04-17 21:19:00.239
4529000,2.4218,0,2024-04-17 21:19:05.353
4526000,0.0441,0,2024-04-17 21:19:05.353
4525000,94.1137,0,2024-04-17 21:19:05.353
4524000,1.4446,0,2024-04-17 21:19:05.353
4523000,1.7354,0,2024-04-17 21:19:05.353
4532000,2.066,1,2024-04-17 21:19:05.353
4533000,30.4852,1,2024-04-17 21:19:05.353
4534000,3.8005,1,2024-04-17 21:19:05.353
4535000,3.6857,1,2024-04-17 21:19:05.353
4536000,4,1,2024-04-17 21:19:05.353
4529000,2.4218,0,2024-04-17 21:19:10.428
4526000,0.0441,0,2024-04-17 21:19:10.428
4525000,78.1137,0,2024-04-17 21:19:10.428
4524000,1.0173,0,2024-04-17 21:19:10.428
4523000,24.1975,0,2024-04-17 21:19:10.428
4531000,0.4468,1,2024-04-17 21:19:10.428
4532000,2.4171,1,2024-04-17 21:19:10.428
4533000,33.5873,1,2024-04-17 21:19:10.428
4534000,3.45,1,2024-04-17 21:19:10.428
4535000,7.84,1,2024-04-17 21:19:10.428
4529000,2.4287,0,2024-04-17 21:19:15.533
4526000,0.0539,0,2024-04-17 21:19:15.533
4525000,81.8037,0,2024-04-17 21:19:15.533
4524000,2.7708,0,2024-04-17 21:19:15.533
4523000,22.2275,0,2024-04-17 21:19:15.533
4532000,1.6199,1,2024-04-17 21:19:15.533
4533000,33.4852,1,2024-04-17 21:19:15.533
4534000,8.2421,1,2024-04-17 21:19:15.533
4535000,5.4654,1,2024-04-17 21:19:15.533
4536000,4,1,2024-04-17 21:19:15.533
4529000,4.6736,0,2024-04-17 21:19:20.623
4526000,0.0539,0,2024-04-17 21:19:20.623
4525000,17.2428,0,2024-04-17 21:19:20.623
4524000,67.0753,0,2024-04-17 21:19:20.623
4523000,16.8175,0,2024-04-17 21:19:20.623
4531000,3.39,1,2024-04-17 21:19:20.623
4532000,3.9651,1,2024-04-17 21:19:20.623
4533000,37.5112,1,2024-04-17 21:19:20.623
4534000,4.45,1,2024-04-17 21:19:20.623
4535000,5.4654,1,2024-04-17 21:19:20.623
4529000,4.6736,0,2024-04-17 21:19:25.698
4526000,0.0539,0,2024-04-17 21:19:25.698
4525000,31.8228,0,2024-04-17 21:19:25.698
4524000,69.4499,0,2024-04-17 21:19:25.698
4523000,1.8175,0,2024-04-17 21:19:25.698
4532000,3.943,1,2024-04-17 21:19:25.698
4533000,33.7191,1,2024-04-17 21:19:25.698
4534000,5.1786,1,2024-04-17 21:19:25.698
4535000,5.4654,1,2024-04-17 21:19:25.698
4536000,4,1,2024-04-17 21:19:25.698
4529000,2.4729,0,2024-04-17 21:19:30.857
4528000,2.2016,0,2024-04-17 21:19:30.857
4526000,0.0539,0,2024-04-17 21:19:30.857
4525000,20.5128,0,2024-04-17 21:19:30.857
4524000,18.4387,0,2024-04-17 21:19:30.857
4531000,0.3512,1,2024-04-17 21:19:30.857
4532000,7.7327,1,2024-04-17 21:19:30.857
4533000,34.7191,1,2024-04-17 21:19:30.857
4534000,5.1786,1,2024-04-17 21:19:30.857
4535000,7.84,1,2024-04-17 21:19:30.857
4529000,2.4729,0,2024-04-17 21:19:35.994
4527000,2.2021,0,2024-04-17 21:19:35.994
4526000,0.0539,0,2024-04-17 21:19:35.994
4525000,17.2404,0,2024-04-17 21:19:35.994
4524000,18.4387,0,2024-04-17 21:19:35.994
4531000,4.0407,1,2024-04-17 21:19:35.994
4532000,3.592,1,2024-04-17 21:19:35.994
4533000,39.7249,1,2024-04-17 21:19:35.994
4534000,5.1786,1,2024-04-17 21:19:35.994
4535000,9.56,1,2024-04-17 21:19:35.994
4529000,2.4729,0,2024-04-17 21:19:41.105
4528000,2.2021,0,2024-04-17 21:19:41.105
4526000,0.4736,0,2024-04-17 21:19:41.105
4525000,17.2404,0,2024-04-17 21:19:41.105
4524000,18.4387,0,2024-04-17 21:19:41.105
4531000,0.3507,1,2024-04-17 21:19:41.105
4532000,3.592,1,2024-04-17 21:19:41.105
4533000,34.2945,1,2024-04-17 21:19:41.105
4534000,5.1786,1,2024-04-17 21:19:41.105
4535000,4.15,1,2024-04-17 21:19:41.105
4529000,2.3568,0,2024-04-17 21:19:46.217
4527000,2.2021,0,2024-04-17 21:19:46.217
4526000,0.0539,0,2024-04-17 21:19:46.217
4525000,20.9304,0,2024-04-17 21:19:46.217
4524000,18.4387,0,2024-04-17 21:19:46.217
4530000,3.69,1,2024-04-17 21:19:46.217
4531000,1.9685,1,2024-04-17 21:19:46.217
4532000,5.6679,1,2024-04-17 21:19:46.217
4533000,36.0506,1,2024-04-17 21:19:46.217
4534000,5.1786,1,2024-04-17 21:19:46.217
4529000,2.1488,0,2024-04-17 21:19:51.291
4527000,2.2021,0,2024-04-17 21:19:51.291
4526000,3.7439,0,2024-04-17 21:19:51.291
4525000,17.2404,0,2024-04-17 21:19:51.291
4524000,18.4387,0,2024-04-17 21:19:51.291
4530000,3.69,1,2024-04-17 21:19:51.291
4531000,1.9686,1,2024-04-17 21:19:51.291
4532000,5.6679,1,2024-04-17 21:19:51.291
4533000,35.0507,1,2024-04-17 21:19:51.291
4534000,10.5886,1,2024-04-17 21:19:51.291
4529000,2.1488,0,2024-04-17 21:19:56.383
4527000,2.2021,0,2024-04-17 21:19:56.383
4526000,3.7439,0,2024-04-17 21:19:56.383
4525000,17.2404,0,2024-04-17 21:19:56.383
4524000,18.4387,0,2024-04-17 21:19:56.383
4530000,3.69,1,2024-04-17 21:19:56.383
4531000,0.3728,1,2024-04-17 21:19:56.383
4532000,3.5958,1,2024-04-17 21:19:56.383
4533000,35.0507,1,2024-04-17 21:19:56.383
4534000,5.1786,1,2024-04-17 21:19:56.383
4529000,2.1488,0,2024-04-17 21:20:01.494
4527000,2.2021,0,2024-04-17 21:20:01.494
4526000,0.4802,0,2024-04-17 21:20:01.494
4525000,17.2404,0,2024-04-17 21:20:01.494
4524000,18.4387,0,2024-04-17 21:20:01.494
4530000,0.8611,1,2024-04-17 21:20:01.494
4531000,0.0217,1,2024-04-17 21:20:01.494
4532000,7.2858,1,2024-04-17 21:20:01.494
4533000,33.7347,1,2024-04-17 21:20:01.494
4534000,6.4944,1,2024-04-17 21:20:01.494
4529000,1.3419,0,2024-04-17 21:20:06.577
4528000,4.109,0,2024-04-17 21:20:06.577
4527000,2.6385,0,2024-04-17 21:20:06.577
4526000,15.4802,0,2024-04-17 21:20:06.577
4525000,21.5557,0,2024-04-17 21:20:06.577
4530000,0.8611,1,2024-04-17 21:20:06.577
4531000,0.0217,1,2024-04-17 21:20:06.577
4532000,1.6179,1,2024-04-17 21:20:06.577
4533000,18.9344,1,2024-04-17 21:20:06.577
4534000,18.7286,1,2024-04-17 21:20:06.577
4529000,1.3419,0,2024-04-17 21:20:11.672
4527000,6.3285,0,2024-04-17 21:20:11.672
4526000,15.4802,0,2024-04-17 21:20:11.672
4525000,20.2404,0,2024-04-17 21:20:11.672
4524000,4.0173,0,2024-04-17 21:20:11.672
4530000,0.8573,1,2024-04-17 21:20:11.672
4531000,0.0217,1,2024-04-17 21:20:11.672
4532000,1.6179,1,2024-04-17 21:20:11.672
4533000,18.5836,1,2024-04-17 21:20:11.672
4534000,22.4186,1,2024-04-17 21:20:11.672
4529000,1.3419,0,2024-04-17 21:20:16.801
4527000,5.8921,0,2024-04-17 21:20:16.801
4526000,0.4802,0,2024-04-17 21:20:16.801
4525000,38.9304,0,2024-04-17 21:20:16.801
4524000,73.9761,0,2024-04-17 21:20:16.801
4530000,0.8338,1,2024-04-17 21:20:16.801
4531000,0.0217,1,2024-04-17 21:20:16.801
4532000,5.3079,1,2024-04-17 21:20:16.801
4533000,18.9347,1,2024-04-17 21:20:16.801
4534000,22.8578,1,2024-04-17 21:20:16.801
4529000,1.3419,0,2024-04-17 21:20:22.048
4527000,6.3442,0,2024-04-17 21:20:22.048
4526000,0.4802,0,2024-04-17 21:20:22.048
4525000,38.9304,0,2024-04-17 21:20:22.048
4524000,73.9761,0,2024-04-17 21:20:22.048
4530000,0.8338,1,2024-04-17 21:20:22.048
4531000,3.7117,1,2024-04-17 21:20:22.048
4532000,1.6179,1,2024-04-17 21:20:22.048
4533000,18.5836,1,2024-04-17 21:20:22.048
4534000,24.1734,1,2024-04-17 21:20:22.048
4529000,1.3419,0,2024-04-17 21:20:27.129
4527000,2.6542,0,2024-04-17 21:20:27.129
4526000,0.4802,0,2024-04-17 21:20:27.129
4525000,35.2404,0,2024-04-17 21:20:27.129
4524000,73.9761,0,2024-04-17 21:20:27.129
4530000,0.8119,1,2024-04-17 21:20:27.129
4531000,0.0217,1,2024-04-17 21:20:27.129
4532000,1.6179,1,2024-04-17 21:20:27.129
4533000,18.5836,1,2024-04-17 21:20:27.129
4534000,24.5241,1,2024-04-17 21:20:27.129
4529000,2.2672,0,2024-04-17 21:20:32.266
4528000,0.426,0,2024-04-17 21:20:32.266
4527000,2.6542,0,2024-04-17 21:20:32.266
4526000,0.4802,0,2024-04-17 21:20:32.266
4525000,38.9304,0,2024-04-17 21:20:32.266
4530000,0.9119,1,2024-04-17 21:20:32.266
4531000,0.0217,1,2024-04-17 21:20:32.266
4532000,1.6179,1,2024-04-17 21:20:32.266
4533000,18.5836,1,2024-04-17 21:20:32.266
4534000,22.7693,1,2024-04-17 21:20:32.266
4530000,0.5112,0,2024-04-17 21:20:37.360
4529000,21.4037,0,2024-04-17 21:20:37.360
4528000,5.6281,0,2024-04-17 21:20:37.360
4527000,8.1421,0,2024-04-17 21:20:37.360
4526000,4.0539,0,2024-04-17 21:20:37.360
4531000,0.0217,1,2024-04-17 21:20:37.360
4533000,15.5836,1,2024-04-17 21:20:37.360
4534000,0.6265,1,2024-04-17 21:20:37.360
4535000,0.501,1,2024-04-17 21:20:37.360
4536000,3,1,2024-04-17 21:20:37.360
4530000,1.1022,0,2024-04-17 21:20:42.463
4529000,2.7137,0,2024-04-17 21:20:42.463
4528000,5.6281,0,2024-04-17 21:20:42.463
4527000,8.1421,0,2024-04-17 21:20:42.463
4526000,19.0539,0,2024-04-17 21:20:42.463
4531000,0.0217,1,2024-04-17 21:20:42.463
4533000,14.7576,1,2024-04-17 21:20:42.463
4534000,0.6265,1,2024-04-17 21:20:42.463
4535000,14.2116,1,2024-04-17 21:20:42.463
4536000,3.4273,1,2024-04-17 21:20:42.463
4530000,1.5355,0,2024-04-17 21:20:47.568
4529000,19.9148,0,2024-04-17 21:20:47.568
4528000,3.426,0,2024-04-17 21:20:47.568
4527000,73.4179,0,2024-04-17 21:20:47.568
4526000,4.0539,0,2024-04-17 21:20:47.568
4531000,0.0217,1,2024-04-17 21:20:47.568
4533000,14.7576,1,2024-04-17 21:20:47.568
4534000,0.6265,1,2024-04-17 21:20:47.568
4535000,0.15,1,2024-04-17 21:20:47.568
4536000,18.3504,1,2024-04-17 21:20:47.568
4531000,0.4409,0,2024-04-17 21:20:52.674
4530000,1.5796,0,2024-04-17 21:20:52.674
4529000,22.9148,0,2024-04-17 21:20:52.674
4528000,3.426,0,2024-04-17 21:20:52.674
4527000,72.9658,0,2024-04-17 21:20:52.674
4533000,14.7071,1,2024-04-17 21:20:52.674
4534000,0.6265,1,2024-04-17 21:20:52.674
4535000,0.5004,1,2024-04-17 21:20:52.674
4537000,21.7264,1,2024-04-17 21:20:52.674
4538000,4.4806,1,2024-04-17 21:20:52.674
4532000,0.4465,0,2024-04-17 21:20:57.824
4531000,19.7544,0,2024-04-17 21:20:57.824
4530000,7.7814,0,2024-04-17 21:20:57.824
4529000,10.4037,0,2024-04-17 21:20:57.824
4528000,1,0,2024-04-17 21:20:57.824
4533000,8.4731,1,2024-04-17 21:20:57.824
4534000,0.6265,1,2024-04-17 21:20:57.824
4535000,0.15,1,2024-04-17 21:20:57.824
4537000,0.0364,1,2024-04-17 21:20:57.824
4538000,0.3504,1,2024-04-17 21:20:57.824
4532000,0.4465,0,2024-04-17 21:21:02.988
4531000,87.3458,0,2024-04-17 21:21:02.988
4530000,4.7809,0,2024-04-17 21:21:02.988
4529000,3.7137,0,2024-04-17 21:21:02.988
4528000,1,0,2024-04-17 21:21:02.988
4533000,1.1463,1,2024-04-17 21:21:02.988
4534000,0.6265,1,2024-04-17 21:21:02.988
4535000,0.15,1,2024-04-17 21:21:02.988
4537000,1.6894,1,2024-04-17 21:21:02.988
4539000,3,1,2024-04-17 21:21:02.988
4531000,3.4409,0,2024-04-17 21:21:08.143
4530000,88.1069,0,2024-04-17 21:21:08.143
4529000,3.7137,0,2024-04-17 21:21:08.143
4528000,1,0,2024-04-17 21:21:08.143
4527000,4.69,0,2024-04-17 21:21:08.143
4533000,1.1463,1,2024-04-17 21:21:08.143
4534000,0.6265,1,2024-04-17 21:21:08.143
4535000,0.15,1,2024-04-17 21:21:08.143
4537000,0.3872,1,2024-04-17 21:21:08.143
4538000,1.6657,1,2024-04-17 21:21:08.143
4533000,1.0597,0,2024-04-17 21:21:13.245
4531000,0.6265,0,2024-04-17 21:21:13.245
4530000,84.9067,0,2024-04-17 21:21:13.245
4529000,3.7137,0,2024-04-17 21:21:13.245
4528000,1,0,2024-04-17 21:21:13.245
4534000,0.6265,1,2024-04-17 21:21:13.245
4535000,0.15,1,2024-04-17 21:21:13.245
4537000,2.158,1,2024-04-17 21:21:13.245
4538000,14.1428,1,2024-04-17 21:21:13.245
4539000,7.1396,1,2024-04-17 21:21:13.245
4534000,0.3984,0,2024-04-17 21:21:18.336
4533000,1.0597,0,2024-04-17 21:21:18.336
4532000,1,0,2024-04-17 21:21:18.336
4530000,1.5807,0,2024-04-17 21:21:18.336
4529000,17.7137,0,2024-04-17 21:21:18.336
4535000,0.15,1,2024-04-17 21:21:18.336
4536000,0.3503,1,2024-04-17 21:21:18.336
4537000,2.1555,1,2024-04-17 21:21:18.336
4538000,17.2449,1,2024-04-17 21:21:18.336
4539000,8.1396,1,2024-04-17 21:21:18.336
4534000,0.0137,0,2024-04-17 21:21:23.416
4533000,1.0597,0,2024-04-17 21:21:23.416
4532000,1,0,2024-04-17 21:21:23.416
4530000,1.1474,0,2024-04-17 21:21:23.416
4529000,17.7137,0,2024-04-17 21:21:23.416
4535000,3.34,1,2024-04-17 21:21:23.416
4536000,2.4479,1,2024-04-17 21:21:23.416
4537000,7.1767,1,2024-04-17 21:21:23.416
4538000,18.2449,1,2024-04-17 21:21:23.416
4539000,10.9193,1,2024-04-17 21:21:23.416
4533000,3.2594,0,2024-04-17 21:21:28.512
4530000,1.1695,0,2024-04-17 21:21:28.512
4529000,17.7137,0,2024-04-17 21:21:28.512
4528000,72.8055,0,2024-04-17 21:21:28.512
4527000,1.5653,0,2024-04-17 21:21:28.512
4534000,3.6903,1,2024-04-17 21:21:28.512
4535000,3.69,1,2024-04-17 21:21:28.512
4536000,5.41,1,2024-04-17 21:21:28.512
4537000,3.4867,1,2024-04-17 21:21:28.512
4538000,18.2449,1,2024-04-17 21:21:28.512
4533000,0.8863,0,2024-04-17 21:21:33.638
4532000,2.1997,0,2024-04-17 21:21:33.638
4530000,1.1695,0,2024-04-17 21:21:33.638
4529000,17.7137,0,2024-04-17 21:21:33.638
4528000,52.728,0,2024-04-17 21:21:33.638
4536000,0.7894,1,2024-04-17 21:21:33.638
4537000,5.1536,1,2024-04-17 21:21:33.638
4538000,18.2449,1,2024-04-17 21:21:33.638
4539000,5.5093,1,2024-04-17 21:21:33.638
4540000,7.69,1,2024-04-17 21:21:33.638
4533000,0.5928,0,2024-04-17 21:21:38.713
4532000,2.1997,0,2024-04-17 21:21:38.713
4530000,1.1695,0,2024-04-17 21:21:38.713
4529000,17.8699,0,2024-04-17 21:21:38.713
4528000,56.418,0,2024-04-17 21:21:38.713
4536000,0.7894,1,2024-04-17 21:21:38.713
4537000,8.8436,1,2024-04-17 21:21:38.713
4538000,18.2449,1,2024-04-17 21:21:38.713
4539000,5.5093,1,2024-04-17 21:21:38.713
4540000,7.69,1,2024-04-17 21:21:38.713
4531000,2.1992,0,2024-04-17 21:21:43.821
4530000,1.1695,0,2024-04-17 21:21:43.821
4529000,2.4234,0,2024-04-17 21:21:43.821
4528000,15,0,2024-04-17 21:21:43.821
4527000,0.5653,0,2024-04-17 21:21:43.821
4534000,0.4211,1,2024-04-17 21:21:43.821
4535000,3.3484,1,2024-04-17 21:21:43.821
4536000,19.5388,1,2024-04-17 21:21:43.821
4537000,4.4867,1,2024-04-17 21:21:43.821
4538000,4.4319,1,2024-04-17 21:21:43.821
4533000,0.0102,0,2024-04-17 21:21:48.960
4530000,1.1695,0,2024-04-17 21:21:48.960
4529000,2.9244,0,2024-04-17 21:21:48.960
4528000,15.597,0,2024-04-17 21:21:48.960
4527000,0.5653,0,2024-04-17 21:21:48.960
4534000,5.3283,1,2024-04-17 21:21:48.960
4535000,3,1,2024-04-17 21:21:48.960
4536000,19.5388,1,2024-04-17 21:21:48.960
4537000,5.8018,1,2024-04-17 21:21:48.960
4538000,4,1,2024-04-17 21:21:48.960
4530000,4.3698,0,2024-04-17 21:21:54.084
4529000,2.9244,0,2024-04-17 21:21:54.084
4528000,15.597,0,2024-04-17 21:21:54.084
4527000,0.5874,0,2024-04-17 21:21:54.084
4526000,2.525,0,2024-04-17 21:21:54.084
4534000,1.6383,1,2024-04-17 21:21:54.084
4535000,3,1,2024-04-17 21:21:54.084
4536000,24.9488,1,2024-04-17 21:21:54.084
4537000,6.152,1,2024-04-17 21:21:54.084
4538000,4,1,2024-04-17 21:21:54.084
4530000,4.3698,0,2024-04-17 21:21:59.249
4529000,2.9244,0,2024-04-17 21:21:59.249
4528000,15.597,0,2024-04-17 21:21:59.249
4527000,0.5874,0,2024-04-17 21:21:59.249
4526000,57.3854,0,2024-04-17 21:21:59.249
4535000,8.3283,1,2024-04-17 21:21:59.249
4536000,4.1021,1,2024-04-17 21:21:59.249
4537000,23.5269,1,2024-04-17 21:21:59.249
4538000,4,1,2024-04-17 21:21:59.249
4539000,9.41,1,2024-04-17 21:21:59.249
4531000,2.618,0,2024-04-17 21:22:04.347
4530000,17.5962,0,2024-04-17 21:22:04.347
4529000,2.9244,0,2024-04-17 21:22:04.347
4528000,0.597,0,2024-04-17 21:22:04.347
4527000,2.8443,0,2024-04-17 21:22:04.347
4533000,1.7279,1,2024-04-17 21:22:04.347
4536000,1.7404,1,2024-04-17 21:22:04.347
4537000,3.0364,1,2024-04-17 21:22:04.347
4538000,19.4353,1,2024-04-17 21:22:04.347
4539000,4,1,2024-04-17 21:22:04.347
4532000,0.4193,0,2024-04-17 21:22:09.442
4531000,2.618,0,2024-04-17 21:22:09.442
4530000,21.3039,0,2024-04-17 21:22:09.442
4529000,6.6615,0,2024-04-17 21:22:09.442
4528000,1.597,0,2024-04-17 21:22:09.442
4533000,0.2107,1,2024-04-17 21:22:09.442
4536000,1.6346,1,2024-04-17 21:22:09.442
4537000,3.0364,1,2024-04-17 21:22:09.442
4538000,22.69,1,2024-04-17 21:22:09.442
4539000,4.7718,1,2024-04-17 21:22:09.442
4532000,4.0326,0,2024-04-17 21:22:14.546
4531000,4.1083,0,2024-04-17 21:22:14.546
4530000,17.6139,0,2024-04-17 21:22:14.546
4529000,1.6571,0,2024-04-17 21:22:14.546
4528000,1.1571,0,2024-04-17 21:22:14.546
4533000,0,1,2024-04-17 21:22:14.546
4536000,1.6346,1,2024-04-17 21:22:14.546
4537000,6.7264,1,2024-04-17 21:22:14.546
4538000,4.1021,1,2024-04-17 21:22:14.546
4539000,23.4616,1,2024-04-17 21:22:14.546
4532000,5.2996,0,2024-04-17 21:22:19.633
4531000,4.1083,0,2024-04-17 21:22:19.633
4530000,18.9282,0,2024-04-17 21:22:19.633
4529000,1.6571,0,2024-04-17 21:22:19.633
4528000,1.5079,0,2024-04-17 21:22:19.633
4533000,0,1,2024-04-17 21:22:19.633
4536000,1.6373,1,2024-04-17 21:22:19.633
4537000,6.7264,1,2024-04-17 21:22:19.633
4538000,4.1021,1,2024-04-17 21:22:19.633
4539000,23.4616,1,2024-04-17 21:22:19.633
4536000,0.9972,0,2024-04-17 21:22:24.769
4533000,3.69,0,2024-04-17 21:22:24.769
4532000,3.8104,0,2024-04-17 21:22:24.769
4531000,4.1083,0,2024-04-17 21:22:24.769
4530000,18.9282,0,2024-04-17 21:22:24.769
4537000,6.7264,1,2024-04-17 21:22:24.769
4538000,4,1,2024-04-17 21:22:24.769
4539000,23.2135,1,2024-04-17 21:22:24.769
4540000,1.777,1,2024-04-17 21:22:24.769
4541000,7.7242,1,2024-04-17 21:22:24.769
4536000,0.9972,0,2024-04-17 21:22:29.880
4534000,0.009,0,2024-04-17 21:22:29.880
4533000,4.69,0,2024-04-17 21:22:29.880
4532000,3.9198,0,2024-04-17 21:22:29.880
4531000,4.1083,0,2024-04-17 21:22:29.880
4537000,4.4178,1,2024-04-17 21:22:29.880
4538000,3,1,2024-04-17 21:22:29.880
4539000,7.7921,1,2024-04-17 21:22:29.880
4540000,19.4267,1,2024-04-17 21:22:29.880
4541000,7.7242,1,2024-04-17 21:22:29.880
4536000,0.9972,0,2024-04-17 21:22:35.178
4534000,0.009,0,2024-04-17 21:22:35.178
4533000,1,0,2024-04-17 21:22:35.178
4532000,3.3509,0,2024-04-17 21:22:35.178
4531000,0.769,0,2024-04-17 21:22:35.178
4537000,4.4178,1,2024-04-17 21:22:35.178
4538000,3,1,2024-04-17 21:22:35.178
4539000,8.2281,1,2024-04-17 21:22:35.178
4540000,20.4267,1,2024-04-17 21:22:35.178
4541000,6.41,1,2024-04-17 21:22:35.178
4534000,1.009,0,2024-04-17 21:22:40.395
4533000,3.1992,0,2024-04-17 21:22:40.395
4532000,5.4112,0,2024-04-17 21:22:40.395
4531000,0.769,0,2024-04-17 21:22:40.395
4530000,22.3139,0,2024-04-17 21:22:40.395
4536000,0.0295,1,2024-04-17 21:22:40.395
4537000,0.7278,1,2024-04-17 21:22:40.395
4538000,3,1,2024-04-17 21:22:40.395
4539000,8.2281,1,2024-04-17 21:22:40.395
4540000,20.4267,1,2024-04-17 21:22:40.395
4534000,1.9739,0,2024-04-17 21:22:45.481
4533000,1,0,2024-04-17 21:22:45.481
4532000,1.2691,0,2024-04-17 21:22:45.481
4530000,2.9751,0,2024-04-17 21:22:45.481
4529000,16.6019,0,2024-04-17 21:22:45.481
4536000,3.0295,1,2024-04-17 21:22:45.481
4537000,5.6971,1,2024-04-17 21:22:45.481
4538000,23.1582,1,2024-04-17 21:22:45.481
4539000,8.2281,1,2024-04-17 21:22:45.481
4540000,4.4267,1,2024-04-17 21:22:45.481
4534000,1.704,0,2024-04-17 21:22:50.577
4533000,1,0,2024-04-17 21:22:50.577
4532000,3.4688,0,2024-04-17 21:22:50.577
4531000,0.4399,0,2024-04-17 21:22:50.577
4530000,2.9751,0,2024-04-17 21:22:50.577
4536000,5.662,1,2024-04-17 21:22:50.577
4537000,5.2778,1,2024-04-17 21:22:50.577
4538000,19.4681,1,2024-04-17 21:22:50.577
4539000,8.2281,1,2024-04-17 21:22:50.577
4540000,4.4267,1,2024-04-17 21:22:50.577
4534000,1.5243,0,2024-04-17 21:22:55.685
4533000,3.1992,0,2024-04-17 21:22:55.685
4532000,1.2691,0,2024-04-17 21:22:55.685
4531000,0.4399,0,2024-04-17 21:22:55.685
4530000,2.9751,0,2024-04-17 21:22:55.685
4535000,3.8196,1,2024-04-17 21:22:55.685
4536000,5.6344,1,2024-04-17 21:22:55.685
4537000,3.7278,1,2024-04-17 21:22:55.685
4538000,19.4682,1,2024-04-17 21:22:55.685
4539000,9.9481,1,2024-04-17 21:22:55.685
4534000,1.0832,0,2024-04-17 21:23:00.783
4533000,1,0,2024-04-17 21:23:00.783
4532000,1.2691,0,2024-04-17 21:23:00.783
4531000,0.6956,0,2024-04-17 21:23:00.783
4530000,6.336,0,2024-04-17 21:23:00.783
4535000,3.3069,1,2024-04-17 21:23:00.783
4536000,5.6344,1,2024-04-17 21:23:00.783
4537000,3.7278,1,2024-04-17 21:23:00.783
4538000,24.8782,1,2024-04-17 21:23:00.783
4539000,9.9481,1,2024-04-17 21:23:00.783
4533000,0.9537,0,2024-04-17 21:23:05.888
4532000,3.4683,0,2024-04-17 21:23:05.888
4531000,0.2557,0,2024-04-17 21:23:05.888
4530000,2.2204,0,2024-04-17 21:23:05.888
4529000,1.6019,0,2024-04-17 21:23:05.888
4534000,2.7097,1,2024-04-17 21:23:05.888
4535000,3.0415,1,2024-04-17 21:23:05.888
4536000,2.9444,1,2024-04-17 21:23:05.888
4537000,6.5651,1,2024-04-17 21:23:05.888
4538000,27.2532,1,2024-04-17 21:23:05.888
4533000,2.2668,0,2024-04-17 21:23:11.483
4532000,1.2691,0,2024-04-17 21:23:11.483
4531000,0.2557,0,2024-04-17 21:23:11.483
4530000,2.6693,0,2024-04-17 21:23:11.483
4529000,16.6019,0,2024-04-17 21:23:11.483
4534000,10.0897,1,2024-04-17 21:23:11.483
4536000,4.4617,1,2024-04-17 21:23:11.483
4537000,11.9752,1,2024-04-17 21:23:11.483
4538000,23.5632,1,2024-04-17 21:23:11.483
4539000,4.436,1,2024-04-17 21:23:11.483
4533000,2.6973,0,2024-04-17 21:23:16.608
4532000,1.2691,0,2024-04-17 21:23:16.608
4531000,0.6841,0,2024-04-17 21:23:16.608
4530000,2.6693,0,2024-04-17 21:23:16.608
4529000,16.6019,0,2024-04-17 21:23:16.608
4534000,3.5751,1,2024-04-17 21:23:16.608
4536000,2.9444,1,2024-04-17 21:23:16.608
4537000,7.8285,1,2024-04-17 21:23:16.608
4538000,23.5632,1,2024-04-17 21:23:16.608
4539000,4.436,1,2024-04-17 21:23:16.608
4532000,1.2691,0,2024-04-17 21:23:21.720
4531000,0.2557,0,2024-04-17 21:23:21.720
4530000,2.6693,0,2024-04-17 21:23:21.720
4529000,16.6019,0,2024-04-17 21:23:21.720
4528000,4.1981,0,2024-04-17 21:23:21.720
4533000,0.6838,1,2024-04-17 21:23:21.720
4534000,3.0751,1,2024-04-17 21:23:21.720
4535000,6.69,1,2024-04-17 21:23:21.720
4536000,2.9444,1,2024-04-17 21:23:21.720
4537000,4.5777,1,2024-04-17 21:23:21.720
4532000,1.0793,0,2024-04-17 21:23:26.807
4531000,0.7022,0,2024-04-17 21:23:26.807
4530000,5.3577,0,2024-04-17 21:23:26.807
4529000,16.6019,0,2024-04-17 21:23:26.807
4528000,4.1985,0,2024-04-17 21:23:26.807
4533000,2.5156,1,2024-04-17 21:23:26.807
4535000,6.69,1,2024-04-17 21:23:26.807
4536000,2.9444,1,2024-04-17 21:23:26.807
4537000,9.5485,1,2024-04-17 21:23:26.807
4538000,23.5632,1,2024-04-17 21:23:26.807
4532000,1.3239,0,2024-04-17 21:23:31.920
4531000,0.7022,0,2024-04-17 21:23:31.920
4530000,5.3577,0,2024-04-17 21:23:31.920
4529000,16.6019,0,2024-04-17 21:23:31.920
4528000,0.5084,0,2024-04-17 21:23:31.920
4535000,3,1,2024-04-17 21:23:31.920
4536000,3.0121,1,2024-04-17 21:23:31.920
4537000,4.1385,1,2024-04-17 21:23:31.920
4538000,21.4009,1,2024-04-17 21:23:31.920
4539000,4.7862,1,2024-04-17 21:23:31.920
4531000,0.2557,0,2024-04-17 21:23:37.162
4530000,5.3577,0,2024-04-17 21:23:37.162
4529000,16.6019,0,2024-04-17 21:23:37.162
4528000,0.5084,0,2024-04-17 21:23:37.162
4527000,4.4937,0,2024-04-17 21:23:37.162
4532000,1.3221,1,2024-04-17 21:23:37.162
4535000,6.69,1,2024-04-17 21:23:37.162
4536000,1.9444,1,2024-04-17 21:23:37.162
4537000,4.5759,1,2024-04-17 21:23:37.162
4538000,19.4579,1,2024-04-17 21:23:37.162
4531000,1.2588,0,2024-04-17 21:23:42.400
4530000,4.9132,0,2024-04-17 21:23:42.400
4529000,1.6019,0,2024-04-17 21:23:42.400
4528000,15.5081,0,2024-04-17 21:23:42.400
4527000,3.6069,0,2024-04-17 21:23:42.400
4532000,0,1,2024-04-17 21:23:42.400
4535000,3,1,2024-04-17 21:23:42.400
4536000,22.0638,1,2024-04-17 21:23:42.400
4537000,4.5759,1,2024-04-17 21:23:42.400
4538000,4.4315,1,2024-04-17 21:23:42.400
4530000,5.3378,0,2024-04-17 21:23:47.523
4529000,1.6019,0,2024-04-17 21:23:47.523
4528000,15.5081,0,2024-04-17 21:23:47.523
4527000,0.6069,0,2024-04-17 21:23:47.523
4526000,8.2158,0,2024-04-17 21:23:47.523
4531000,1.2826,1,2024-04-17 21:23:47.523
4532000,0,1,2024-04-17 21:23:47.523
4534000,3,1,2024-04-17 21:23:47.523
4535000,4,1,2024-04-17 21:23:47.523
4536000,25.3244,1,2024-04-17 21:23:47.523
4530000,3.2196,0,2024-04-17 21:23:52.647
4529000,3.803,0,2024-04-17 21:23:52.647
4528000,15.5083,0,2024-04-17 21:23:52.647
4527000,0.6069,0,2024-04-17 21:23:52.647
4526000,4.5258,0,2024-04-17 21:23:52.647
4531000,3.278,1,2024-04-17 21:23:52.647
4532000,0,1,2024-04-17 21:23:52.647
4533000,3.69,1,2024-04-17 21:23:52.647
4534000,3,1,2024-04-17 21:23:52.647
4535000,7.69,1,2024-04-17 21:23:52.647
4530000,4.9957,0,2024-04-17 21:23:57.754
4529000,1.1561,0,2024-04-17 21:23:57.754
4528000,0.6057,0,2024-04-17 21:23:57.754
4527000,0.6069,0,2024-04-17 21:23:57.754
4526000,15.5612,0,2024-04-17 21:23:57.754
4531000,3.69,1,2024-04-17 21:23:57.754
4532000,0,1,2024-04-17 21:23:57.754
4533000,7.7414,1,2024-04-17 21:23:57.754
4534000,23.55,1,2024-04-17 21:23:57.754
4535000,11.2731,1,2024-04-17 21:23:57.754
4530000,2.795,0,2024-04-17 21:24:02.876
4529000,1.605,0,2024-04-17 21:24:02.876
4528000,2.8059,0,2024-04-17 21:24:02.876
4527000,0.9581,0,2024-04-17 21:24:02.876
4526000,18.9001,0,2024-04-17 21:24:02.876
4531000,3.69,1,2024-04-17 21:24:02.876
4533000,6.69,1,2024-04-17 21:24:02.876
4534000,4,1,2024-04-17 21:24:02.876
4535000,24.5121,1,2024-04-17 21:24:02.876
4536000,8.7835,1,2024-04-17 21:24:02.876
4530000,3.795,0,2024-04-17 21:24:07.986
4529000,1.1561,0,2024-04-17 21:24:07.986
4528000,2.8059,0,2024-04-17 21:24:07.986
4527000,0.6069,0,2024-04-17 21:24:07.986
4526000,18.9001,0,2024-04-17 21:24:07.986
4531000,35.209,1,2024-04-17 21:24:07.986
4533000,6.69,1,2024-04-17 21:24:07.986
4534000,4,1,2024-04-17 21:24:07.986
4535000,26.2738,1,2024-04-17 21:24:07.986
4536000,8.7835,1,2024-04-17 21:24:07.986
4529000,1.1402,0,2024-04-17 21:24:13.076
4528000,0.1571,0,2024-04-17 21:24:13.076
4527000,0.1782,0,2024-04-17 21:24:13.076
4526000,0.643,0,2024-04-17 21:24:13.076
4525000,17.1866,0,2024-04-17 21:24:13.076
4530000,8.3348,1,2024-04-17 21:24:13.076
4531000,32.0004,1,2024-04-17 21:24:13.076
4532000,4.5235,1,2024-04-17 21:24:13.076
4533000,23.5469,1,2024-04-17 21:24:13.076
4534000,4.4447,1,2024-04-17 21:24:13.076
4528000,2.1571,0,2024-04-17 21:24:18.299
4527000,0.1782,0,2024-04-17 21:24:18.299
4526000,0.2101,0,2024-04-17 21:24:18.299
4525000,17.2727,0,2024-04-17 21:24:18.299
4524000,15.4617,0,2024-04-17 21:24:18.299
4529000,4.1238,1,2024-04-17 21:24:18.299
4530000,3,1,2024-04-17 21:24:18.299
4531000,4,1,2024-04-17 21:24:18.299
4532000,9.8593,1,2024-04-17 21:24:18.299
4533000,18.2518,1,2024-04-17 21:24:18.299
4526000,0.2101,0,2024-04-17 21:24:23.651
4525000,17.2863,0,2024-04-17 21:24:23.651
4524000,0.3688,0,2024-04-17 21:24:23.651
4523000,0.8303,0,2024-04-17 21:24:23.651
4522000,0.3375,0,2024-04-17 21:24:23.651
4528000,4.5328,1,2024-04-17 21:24:23.651
4529000,7.8138,1,2024-04-17 21:24:23.651
4530000,4,1,2024-04-17 21:24:23.651
4531000,24.961,1,2024-04-17 21:24:23.651
4532000,11.1771,1,2024-04-17 21:24:23.651
4525000,7.7919,0,2024-04-17 21:24:28.816
4524000,0.0173,0,2024-04-17 21:24:28.816
4523000,0.3835,0,2024-04-17 21:24:28.816
4522000,0.3596,0,2024-04-17 21:24:28.816
4521000,0.3584,0,2024-04-17 21:24:28.816
4526000,17.9555,1,2024-04-17 21:24:28.816
4527000,1.4468,1,2024-04-17 21:24:28.816
4528000,5.2764,1,2024-04-17 21:24:28.816
4529000,5.6699,1,2024-04-17 21:24:28.816
4530000,5.1139,1,2024-04-17 21:24:28.816
4525000,7.7919,0,2024-04-17 21:24:33.936
4524000,0.0173,0,2024-04-17 21:24:33.936
4523000,0.3835,0,2024-04-17 21:24:33.936
4522000,1.1405,0,2024-04-17 21:24:33.936
4521000,0.4319,0,2024-04-17 21:24:33.936
4527000,3,1,2024-04-17 21:24:33.936
4528000,2.7977,1,2024-04-17 21:24:33.936
4529000,20.5665,1,2024-04-17 21:24:33.936
4530000,8.906,1,2024-04-17 21:24:33.936
4531000,1,1,2024-04-17 21:24:33.936
4523000,0.3835,0,2024-04-17 21:24:39.232
4522000,0.7111,0,2024-04-17 21:24:39.232
4521000,2.6513,0,2024-04-17 21:24:39.232
4520000,19.4113,0,2024-04-17 21:24:39.232
4519000,0.1055,0,2024-04-17 21:24:39.232
4526000,3,1,2024-04-17 21:24:39.232
4527000,14.7109,1,2024-04-17 21:24:39.232
4528000,2.3792,1,2024-04-17 21:24:39.232
4529000,1.4427,1,2024-04-17 21:24:39.232
4530000,5.1139,1,2024-04-17 21:24:39.232
4523000,0.3835,0,2024-04-17 21:24:44.488
4522000,0.3596,0,2024-04-17 21:24:44.488
4521000,2.6955,0,2024-04-17 21:24:44.488
4520000,20.5037,0,2024-04-17 21:24:44.488
4519000,0.4572,0,2024-04-17 21:24:44.488
4524000,0.0189,1,2024-04-17 21:24:44.488
4526000,38.6815,1,2024-04-17 21:24:44.488
4527000,16.4722,1,2024-04-17 21:24:44.488
4528000,6.0692,1,2024-04-17 21:24:44.488
4529000,1.4427,1,2024-04-17 21:24:44.488
4523000,0.3491,0,2024-04-17 21:24:49.640
4522000,0.3596,0,2024-04-17 21:24:49.640
4521000,0.0508,0,2024-04-17 21:24:49.640
4520000,35.5037,0,2024-04-17 21:24:49.640
4519000,0.4574,0,2024-04-17 21:24:49.640
4526000,2.9179,1,2024-04-17 21:24:49.640
4527000,1,1,2024-04-17 21:24:49.640
4528000,6.0692,1,2024-04-17 21:24:49.640
4529000,1.4427,1,2024-04-17 21:24:49.640
4530000,1.4239,1,2024-04-17 21:24:49.640
4523000,0.3491,0,2024-04-17 21:24:54.780
4522000,1.1632,0,2024-04-17 21:24:54.780
4521000,0.5008,0,2024-04-17 21:24:54.780
4520000,35.5037,0,2024-04-17 21:24:54.780
4519000,0.1055,0,2024-04-17 21:24:54.780
4526000,4.5336,1,2024-04-17 21:24:54.780
4527000,1,1,2024-04-17 21:24:54.780
4528000,16.9449,1,2024-04-17 21:24:54.780
4529000,5.1327,1,2024-04-17 21:24:54.780
4530000,2.0503,1,2024-04-17 21:24:54.780
4521000,2.7058,0,2024-04-17 21:24:59.870
4520000,35.5037,0,2024-04-17 21:24:59.870
4519000,0.1055,0,2024-04-17 21:24:59.870
4518000,3.5501,0,2024-04-17 21:24:59.870
4517000,4.1737,0,2024-04-17 21:24:59.870
4522000,7.0571,1,2024-04-17 21:24:59.870
4523000,0.1437,1,2024-04-17 21:24:59.870
4524000,3,1,2024-04-17 21:24:59.870
4526000,2.909,1,2024-04-17 21:24:59.870
4528000,17.8442,1,2024-04-17 21:24:59.870
4523000,0.452,0,2024-04-17 21:25:05.108
4522000,15.6118,0,2024-04-17 21:25:05.108
4521000,5.7058,0,2024-04-17 21:25:05.108
4520000,23.8553,0,2024-04-17 21:25:05.108
4519000,4.1055,0,2024-04-17 21:25:05.108
4524000,3,1,2024-04-17 21:25:05.108
4526000,2.909,1,2024-04-17 21:25:05.108
4528000,1.8442,1,2024-04-17 21:25:05.108
4530000,16.6264,1,2024-04-17 21:25:05.108
4531000,1.4392,1,2024-04-17 21:25:05.108
4523000,2.7774,0,2024-04-17 21:25:10.233
4522000,18.4479,0,2024-04-17 21:25:10.233
4521000,4.545,0,2024-04-17 21:25:10.233
4520000,24.5161,0,2024-04-17 21:25:10.233
4519000,4.4577,0,2024-04-17 21:25:10.233
4524000,2.6227,1,2024-04-17 21:25:10.233
4526000,2.909,1,2024-04-17 21:25:10.233
4528000,1.8442,1,2024-04-17 21:25:10.233
4530000,0.6264,1,2024-04-17 21:25:10.233
4531000,16.4392,1,2024-04-17 21:25:10.233
4523000,1.4438,0,2024-04-17 21:25:15.319
4522000,0.4479,0,2024-04-17 21:25:15.319
4521000,3.545,0,2024-04-17 21:25:15.319
4520000,38.5161,0,2024-04-17 21:25:15.319
4519000,4.4572,0,2024-04-17 21:25:15.319
4524000,3.5701,1,2024-04-17 21:25:15.319
4526000,2.909,1,2024-04-17 21:25:15.319
4528000,1.8442,1,2024-04-17 21:25:15.319
4529000,15,1,2024-04-17 21:25:15.319
4530000,2.0457,1,2024-04-17 21:25:15.319
4523000,1.4559,0,2024-04-17 21:25:20.417
4522000,2.768,0,2024-04-17 21:25:20.417
4521000,7.235,0,2024-04-17 21:25:20.417
4520000,38.5194,0,2024-04-17 21:25:20.417
4519000,4.4574,0,2024-04-17 21:25:20.417
4524000,3.3911,1,2024-04-17 21:25:20.417
4526000,2.909,1,2024-04-17 21:25:20.417
4527000,1.6043,1,2024-04-17 21:25:20.417
4528000,9.2242,1,2024-04-17 21:25:20.417
4529000,15,1,2024-04-17 21:25:20.417
4523000,1.4559,0,2024-04-17 21:25:25.591
4522000,1.4501,0,2024-04-17 21:25:25.591
4521000,5.9527,0,2024-04-17 21:25:25.591
4520000,39.5194,0,2024-04-17 21:25:25.591
4519000,4.4574,0,2024-04-17 21:25:25.591
4524000,3.1539,1,2024-04-17 21:25:25.591
4527000,3.69,1,2024-04-17 21:25:25.591
4528000,1.5985,1,2024-04-17 21:25:25.591
4529000,15,1,2024-04-17 21:25:25.591
4530000,2.0663,1,2024-04-17 21:25:25.591
4525000,0.2133,0,2024-04-17 21:25:30.824
4524000,3.3853,0,2024-04-17 21:25:30.824
4523000,1.4559,0,2024-04-17 21:25:30.824
4522000,25.3456,0,2024-04-17 21:25:30.824
4521000,4.6491,0,2024-04-17 21:25:30.824
4529000,1.5985,1,2024-04-17 21:25:30.824
4530000,6.624,1,2024-04-17 21:25:30.824
4531000,18,1,2024-04-17 21:25:30.824
4532000,1.4329,1,2024-04-17 21:25:30.824
4533000,4.69,1,2024-04-17 21:25:30.824
4524000,2.4891,0,2024-04-17 21:25:35.929
4523000,2.339,0,2024-04-17 21:25:35.929
4522000,22.6992,0,2024-04-17 21:25:35.929
4521000,4.6491,0,2024-04-17 21:25:35.929
4520000,27.7688,0,2024-04-17 21:25:35.929
4529000,2.0474,1,2024-04-17 21:25:35.929
4530000,4.8706,1,2024-04-17 21:25:35.929
4531000,21.69,1,2024-04-17 21:25:35.929
4532000,1.4329,1,2024-04-17 21:25:35.929
4533000,1,1,2024-04-17 21:25:35.929
4523000,2.3391,0,2024-04-17 21:25:41.036
4522000,21.2142,0,2024-04-17 21:25:41.036
4521000,8.3391,0,2024-04-17 21:25:41.036
4520000,24.4324,0,2024-04-17 21:25:41.036
4519000,9.5155,0,2024-04-17 21:25:41.036
4524000,0,1,2024-04-17 21:25:41.036
4525000,0.9243,1,2024-04-17 21:25:41.036
4529000,2.0632,1,2024-04-17 21:25:41.036
4530000,1.1806,1,2024-04-17 21:25:41.036
4531000,21.69,1,2024-04-17 21:25:41.036
4524000,1.9999,0,2024-04-17 21:25:46.150
4523000,4.5446,0,2024-04-17 21:25:46.150
4522000,19.0092,0,2024-04-17 21:25:46.150
4521000,7.9872,0,2024-04-17 21:25:46.150
4520000,24.4331,0,2024-04-17 21:25:46.150
4525000,3.9263,1,2024-04-17 21:25:46.150
4528000,1.6082,1,2024-04-17 21:25:46.150
4529000,0.4489,1,2024-04-17 21:25:46.150
4530000,4.8706,1,2024-04-17 21:25:46.150
4531000,18,1,2024-04-17 21:25:46.150
4524000,3.3169,0,2024-04-17 21:25:51.342
4523000,3.2274,0,2024-04-17 21:25:51.342
4522000,19.0092,0,2024-04-17 21:25:51.342
4521000,8.3387,0,2024-04-17 21:25:51.342
4520000,24.081,0,2024-04-17 21:25:51.342
4525000,3.8398,1,2024-04-17 21:25:51.342
4529000,2.0571,1,2024-04-17 21:25:51.342
4530000,4.8706,1,2024-04-17 21:25:51.342
4531000,18,1,2024-04-17 21:25:51.342
4532000,1.4329,1,2024-04-17 21:25:51.342
4524000,1.3169,0,2024-04-17 21:25:56.447
4523000,4.0219,0,2024-04-17 21:25:56.447
4522000,4.0092,0,2024-04-17 21:25:56.447
4521000,4.6487,0,2024-04-17 21:25:56.447
4520000,24.081,0,2024-04-17 21:25:56.447
4525000,3.5677,1,2024-04-17 21:25:56.447
4529000,15.3286,1,2024-04-17 21:25:56.447
4530000,1.0785,1,2024-04-17 21:25:56.447
4531000,3,1,2024-04-17 21:25:56.447
4532000,1.4329,1,2024-04-17 21:25:56.447
4525000,0.4197,0,2024-04-17 21:26:01.552
4524000,0.9766,0,2024-04-17 21:26:01.552
4523000,1.0219,0,2024-04-17 21:26:01.552
4522000,6.2128,0,2024-04-17 21:26:01.552
4521000,4.3191,0,2024-04-17 21:26:01.552
4527000,0.4221,1,2024-04-17 21:26:01.552
4528000,1.6177,1,2024-04-17 21:26:01.552
4529000,14.2379,1,2024-04-17 21:26:01.552
4530000,4.0785,1,2024-04-17 21:26:01.552
4531000,5.0219,1,2024-04-17 21:26:01.552
4525000,0.4263,0,2024-04-17 21:26:06.656
4524000,0.0066,0,2024-04-17 21:26:06.656
4523000,1.0219,0,2024-04-17 21:26:06.656
4522000,3.2128,0,2024-04-17 21:26:06.656
4521000,3.943,0,2024-04-17 21:26:06.656
4526000,3.4367,1,2024-04-17 21:26:06.656
4527000,19.1121,1,2024-04-17 21:26:06.656
4528000,3.69,1,2024-04-17 21:26:06.656
4529000,6.7306,1,2024-04-17 21:26:06.656
4530000,10.4885,1,2024-04-17 21:26:06.656
4525000,0.1359,0,2024-04-17 21:26:11.991
4524000,0.0066,0,2024-04-17 21:26:11.991
4523000,1.0219,0,2024-04-17 21:26:11.991
4522000,1.0092,0,2024-04-17 21:26:11.991
4521000,0.253,0,2024-04-17 21:26:11.991
4526000,12.432,1,2024-04-17 21:26:11.991
4527000,19.4221,1,2024-04-17 21:26:11.991
4528000,5.41,1,2024-04-17 21:26:11.991
4529000,6.7306,1,2024-04-17 21:26:11.991
4530000,2.0785,1,2024-04-17 21:26:11.991
4523000,0.0202,0,2024-04-17 21:26:17.316
4522000,1.0092,0,2024-04-17 21:26:17.316
4521000,2.4585,0,2024-04-17 21:26:17.316
4520000,10.081,0,2024-04-17 21:26:17.316
4519000,3.7977,0,2024-04-17 21:26:17.316
4524000,4.1233,1,2024-04-17 21:26:17.316
4525000,3.2945,1,2024-04-17 21:26:17.316
4526000,3.4367,1,2024-04-17 21:26:17.316
4527000,19.5242,1,2024-04-17 21:26:17.316
4528000,10.82,1,2024-04-17 21:26:17.316
4522000,0.8511,0,2024-04-17 21:26:22.441
4521000,0.253,0,2024-04-17 21:26:22.441
4520000,17.2945,0,2024-04-17 21:26:22.441
4519000,3.4594,0,2024-04-17 21:26:22.441
4518000,31.8107,0,2024-04-17 21:26:22.441
4524000,3,1,2024-04-17 21:26:22.441
4525000,3.69,1,2024-04-17 21:26:22.441
4526000,3.4367,1,2024-04-17 21:26:22.441
4527000,22.2142,1,2024-04-17 21:26:22.441
4528000,5.41,1,2024-04-17 21:26:22.441
4522000,0.8511,0,2024-04-17 21:26:27.573
4521000,2.4585,0,2024-04-17 21:26:27.573
4520000,10.081,0,2024-04-17 21:26:27.573
4519000,3.4594,0,2024-04-17 21:26:27.573
4518000,31.8107,0,2024-04-17 21:26:27.573
4524000,3,1,2024-04-17 21:26:27.573
4525000,2.7524,1,2024-04-17 21:26:27.573
4526000,7.1267,1,2024-04-17 21:26:27.573
4527000,18.5242,1,2024-04-17 21:26:27.573
4528000,10.1,1,2024-04-17 21:26:27.573
4521000,0.0894,0,2024-04-17 21:26:32.694
4520000,10.081,0,2024-04-17 21:26:32.694
4519000,0.1077,0,2024-04-17 21:26:32.694
4518000,0.4725,0,2024-04-17 21:26:32.694
4517000,18.1737,0,2024-04-17 21:26:32.694
4523000,0.011,1,2024-04-17 21:26:32.694
4524000,3.4232,1,2024-04-17 21:26:32.694
4525000,22.8605,1,2024-04-17 21:26:32.694
4526000,7.4367,1,2024-04-17 21:26:32.694
4527000,4.1021,1,2024-04-17 21:26:32.694
4520000,9.4899,0,2024-04-17 21:26:37.863
4519000,2.6662,0,2024-04-17 21:26:37.863
4518000,1.4395,0,2024-04-17 21:26:37.863
4517000,18.1648,0,2024-04-17 21:26:37.863
4516000,4.1637,0,2024-04-17 21:26:37.863
4524000,2.9888,1,2024-04-17 21:26:37.863
4525000,22.8493,1,2024-04-17 21:26:37.863
4526000,7.5388,1,2024-04-17 21:26:37.863
4527000,4,1,2024-04-17 21:26:37.863
4528000,10.5455,1,2024-04-17 21:26:37.863
4521000,1,0,2024-04-17 21:26:42.988
4520000,8.9131,0,2024-04-17 21:26:42.988
4519000,2.3142,0,2024-04-17 21:26:42.988
4518000,0.1207,0,2024-04-17 21:26:42.988
4517000,18.5171,0,2024-04-17 21:26:42.988
4524000,4.5301,1,2024-04-17 21:26:42.988
4525000,22.8493,1,2024-04-17 21:26:42.988
4526000,7.5388,1,2024-04-17 21:26:42.988
4527000,4,1,2024-04-17 21:26:42.988
4528000,10.5455,1,2024-04-17 21:26:42.988
4521000,1,0,2024-04-17 21:26:48.097
4520000,8.9173,0,2024-04-17 21:26:48.097
4519000,2.3142,0,2024-04-17 21:26:48.097
4518000,1.5573,0,2024-04-17 21:26:48.097
4517000,18.1648,0,2024-04-17 21:26:48.097
4524000,4.5301,1,2024-04-17 21:26:48.097
4525000,22.8493,1,2024-04-17 21:26:48.097
4526000,7.5388,1,2024-04-17 21:26:48.097
4527000,4,1,2024-04-17 21:26:48.097
4528000,10.5455,1,2024-04-17 21:26:48.097
4521000,1,0,2024-04-17 21:26:53.188
4520000,8.9173,0,2024-04-17 21:26:53.188
4519000,0.1077,0,2024-04-17 21:26:53.188
4518000,0.2384,0,2024-04-17 21:26:53.188
4517000,18.2518,0,2024-04-17 21:26:53.188
4522000,3,1,2024-04-17 21:26:53.188
4524000,4.5301,1,2024-04-17 21:26:53.188
4525000,4.1566,1,2024-04-17 21:26:53.188
4526000,22.5388,1,2024-04-17 21:26:53.188
4527000,4,1,2024-04-17 21:26:53.188
4521000,2,0,2024-04-17 21:26:58.444
4520000,8.9173,0,2024-04-17 21:26:58.444
4519000,2.3132,0,2024-04-17 21:26:58.444
4518000,1.5572,0,2024-04-17 21:26:58.444
4517000,18.6036,0,2024-04-17 21:26:58.444
4522000,2.8104,1,2024-04-17 21:26:58.444
4524000,4.5301,1,2024-04-17 21:26:58.444
4525000,7.4213,1,2024-04-17 21:26:58.444
4526000,22.5388,1,2024-04-17 21:26:58.444
4527000,7.69,1,2024-04-17 21:26:58.444
4521000,1.8636,0,2024-04-17 21:27:03.912
4520000,11.1272,0,2024-04-17 21:27:03.912
4519000,0.1077,0,2024-04-17 21:27:03.912
4518000,3.5905,0,2024-04-17 21:27:03.912
4517000,3.2518,0,2024-04-17 21:27:03.912
4522000,0.5627,1,2024-04-17 21:27:03.912
4524000,2.9888,1,2024-04-17 21:27:03.912
4525000,0.7313,1,2024-04-17 21:27:03.912
4526000,9.7921,1,2024-04-17 21:27:03.912
4527000,4.4486,1,2024-04-17 21:27:03.912
4521000,0.0011,0,2024-04-17 21:27:09.019
4520000,8.9217,0,2024-04-17 21:27:09.019
4519000,17.3142,0,2024-04-17 21:27:09.019
4518000,6.9284,0,2024-04-17 21:27:09.019
4517000,4.604,0,2024-04-17 21:27:09.019
4522000,0,1,2024-04-17 21:27:09.019
4524000,2.9888,1,2024-04-17 21:27:09.019
4525000,2.261,1,2024-04-17 21:27:09.019
4526000,9.7921,1,2024-04-17 21:27:09.019
4527000,19.4486,1,2024-04-17 21:27:09.019
4520000,8.1174,0,2024-04-17 21:27:14.147
4519000,5.3132,0,2024-04-17 21:27:14.147
4518000,22.2802,0,2024-04-17 21:27:14.147
4517000,4.2518,0,2024-04-17 21:27:14.147
4516000,4.1637,0,2024-04-17 21:27:14.147
4522000,0,1,2024-04-17 21:27:14.147
4524000,2.9888,1,2024-04-17 21:27:14.147
4525000,5.9547,1,2024-04-17 21:27:14.147
4526000,3.1021,1,2024-04-17 21:27:14.147
4527000,22.1274,1,2024-04-17 21:27:14.147
4522000,0.001,0,2024-04-17 21:27:19.261
4520000,10.6219,0,2024-04-17 21:27:19.261
4519000,3.7977,0,2024-04-17 21:27:19.261
4518000,19.9087,0,2024-04-17 21:27:19.261
4517000,7.9418,0,2024-04-17 21:27:19.261
4524000,6.6788,1,2024-04-17 21:27:19.261
4525000,0.7313,1,2024-04-17 21:27:19.261
4526000,10.2222,1,2024-04-17 21:27:19.261
4527000,19.4374,1,2024-04-17 21:27:19.261
4528000,1.4455,1,2024-04-17 21:27:19.261
4522000,0.2177,0,2024-04-17 21:27:24.446
4521000,1,0,2024-04-17 21:27:24.446
4520000,10.6219,0,2024-04-17 21:27:24.446
4519000,3.7977,0,2024-04-17 21:27:24.446
4518000,18.2384,0,2024-04-17 21:27:24.446
4524000,6.6788,1,2024-04-17 21:27:24.446
4525000,0.7313,1,2024-04-17 21:27:24.446
4526000,10.2104,1,2024-04-17 21:27:24.446
4527000,19.4374,1,2024-04-17 21:27:24.446
4528000,1.4455,1,2024-04-17 21:27:24.446
4521000,0.9984,0,2024-04-17 21:27:29.572
4520000,10.8387,0,2024-04-17 21:27:29.572
4519000,3.7977,0,2024-04-17 21:27:29.572
4518000,18.5905,0,2024-04-17 21:27:29.572
4517000,7.9418,0,2024-04-17 21:27:29.572
4522000,0.5475,1,2024-04-17 21:27:29.572
4524000,2.9888,1,2024-04-17 21:27:29.572
4525000,2.2596,1,2024-04-17 21:27:29.572
4526000,9.7921,1,2024-04-17 21:27:29.572
4527000,19.4374,1,2024-04-17 21:27:29.572
4521000,6.7753,0,2024-04-17 21:27:34.683
4520000,24.9502,0,2024-04-17 21:27:34.683
4519000,7.3666,0,2024-04-17 21:27:34.683
4518000,3.2384,0,2024-04-17 21:27:34.683
4517000,4.2518,0,2024-04-17 21:27:34.683
4524000,0.2007,1,2024-04-17 21:27:34.683
4525000,0.7313,1,2024-04-17 21:27:34.683
4526000,3,1,2024-04-17 21:27:34.683
4527000,3,1,2024-04-17 21:27:34.683
4528000,16.4455,1,2024-04-17 21:27:34.683
4520000,10.8372,0,2024-04-17 21:27:39.795
4519000,0.3246,0,2024-04-17 21:27:39.795
4518000,0.2384,0,2024-04-17 21:27:39.795
4517000,18.4688,0,2024-04-17 21:27:39.795
4516000,4.5158,0,2024-04-17 21:27:39.795
4524000,0.2007,1,2024-04-17 21:27:39.795
4525000,5.745,1,2024-04-17 21:27:39.795
4526000,18.2651,1,2024-04-17 21:27:39.795
4527000,8.125,1,2024-04-17 21:27:39.795
4528000,1.4455,1,2024-04-17 21:27:39.795
4519000,0.3246,0,2024-04-17 21:27:44.954
4518000,0.4553,0,2024-04-17 21:27:44.954
4517000,0.8211,0,2024-04-17 21:27:44.954
4516000,18.1637,0,2024-04-17 21:27:44.954
4515000,4.7884,0,2024-04-17 21:27:44.954
4520000,0,1,2024-04-17 21:27:44.954
4523000,1.5616,1,2024-04-17 21:27:44.954
4524000,22.3309,1,2024-04-17 21:27:44.954
4525000,5.1834,1,2024-04-17 21:27:44.954
4526000,4.4521,1,2024-04-17 21:27:44.954
4520000,0.3517,0,2024-04-17 21:27:50.281
4519000,3.5246,0,2024-04-17 21:27:50.281
4518000,0.4553,0,2024-04-17 21:27:50.281
4517000,0.4688,0,2024-04-17 21:27:50.281
4516000,0.1637,0,2024-04-17 21:27:50.281
4521000,3.6568,1,2024-04-17 21:27:50.281
4522000,17.7833,1,2024-04-17 21:27:50.281
4523000,1.4284,1,2024-04-17 21:27:50.281
4524000,3.3028,1,2024-04-17 21:27:50.281
4525000,5.1834,1,2024-04-17 21:27:50.281
4521000,2.2524,0,2024-04-17 21:27:55.476
4520000,0.99,0,2024-04-17 21:27:55.476
4519000,1.3191,0,2024-04-17 21:27:55.476
4518000,0.4553,0,2024-04-17 21:27:55.476
4517000,0.4688,0,2024-04-17 21:27:55.476
4522000,0.3561,1,2024-04-17 21:27:55.476
4523000,16,1,2024-04-17 21:27:55.476
4524000,0.7475,1,2024-04-17 21:27:55.476
4525000,5.8734,1,2024-04-17 21:27:55.476
4526000,1,1,2024-04-17 21:27:55.476
4520000,1,0,2024-04-17 21:28:00.848
4519000,1.3235,0,2024-04-17 21:28:00.848
4518000,0.4553,0,2024-04-17 21:28:00.848
4517000,0.4688,0,2024-04-17 21:28:00.848
4516000,0.5161,0,2024-04-17 21:28:00.848
4521000,0.4413,1,2024-04-17 21:28:00.848
4522000,15.4961,1,2024-04-17 21:28:00.848
4523000,1,1,2024-04-17 21:28:00.848
4524000,0.7475,1,2024-04-17 21:28:00.848
4525000,2.1834,1,2024-04-17 21:28:00.848
4519000,1.3235,0,2024-04-17 21:28:05.975
4518000,0.4553,0,2024-04-17 21:28:05.975
4517000,0.4688,0,2024-04-17 21:28:05.975
4516000,0.1637,0,2024-04-17 21:28:05.975
4515000,1.7884,0,2024-04-17 21:28:05.975
4521000,3,1,2024-04-17 21:28:05.975
4522000,14.4661,1,2024-04-17 21:28:05.975
4523000,1.4176,1,2024-04-17 21:28:05.975
4524000,0.7475,1,2024-04-17 21:28:05.975
4525000,2.1834,1,2024-04-17 21:28:05.975
4519000,3.5971,0,2024-04-17 21:28:12.163
4518000,0.4553,0,2024-04-17 21:28:12.163
4517000,0.4688,0,2024-04-17 21:28:12.163
4516000,1.7954,0,2024-04-17 21:28:12.163
4515000,2.1408,0,2024-04-17 21:28:12.163
4522000,14.0454,1,2024-04-17 21:28:12.163
4523000,1.4176,1,2024-04-17 21:28:12.163
4524000,2.0215,1,2024-04-17 21:28:12.163
4525000,2.1834,1,2024-04-17 21:28:12.163
4526000,1,1,2024-04-17 21:28:12.163
4519000,1.6312,0,2024-04-17 21:28:17.969
4518000,0.4553,0,2024-04-17 21:28:17.969
4517000,2.6743,0,2024-04-17 21:28:17.969
4516000,0.1637,0,2024-04-17 21:28:17.969
4515000,16.7884,0,2024-04-17 21:28:17.969
4520000,3,1,2024-04-17 21:28:17.969
4522000,4.0245,1,2024-04-17 21:28:17.969
4523000,19.1076,1,2024-04-17 21:28:17.969
4524000,1.7475,1,2024-04-17 21:28:17.969
4525000,2.1834,1,2024-04-17 21:28:17.969
4519000,1.1069,0,2024-04-17 21:28:23.765
4518000,0.4553,0,2024-04-17 21:28:23.765
4517000,2.6743,0,2024-04-17 21:28:23.765
4516000,0.1637,0,2024-04-17 21:28:23.765
4515000,16.7884,0,2024-04-17 21:28:23.765
4520000,2,1,2024-04-17 21:28:23.765
4522000,0.3345,1,2024-04-17 21:28:23.765
4523000,15.4176,1,2024-04-17 21:28:23.765
4524000,2.867,1,2024-04-17 21:28:23.765
4525000,2.1834,1,2024-04-17 21:28:23.765
4519000,0.0601,0,2024-04-17 21:28:29.477
4518000,0.4453,0,2024-04-17 21:28:29.477
4517000,0.4688,0,2024-04-17 21:28:29.477
4516000,0.1637,0,2024-04-17 21:28:29.477
4515000,1.7884,0,2024-04-17 21:28:29.477
4520000,8.88,1,2024-04-17 21:28:29.477
4521000,5.829,1,2024-04-17 21:28:29.477
4522000,20.9495,1,2024-04-17 21:28:29.477
4523000,1.4176,1,2024-04-17 21:28:29.477
4524000,1.4447,1,2024-04-17 21:28:29.477
4518000,0.2288,0,2024-04-17 21:28:35.330
4517000,0.6688,0,2024-04-17 21:28:35.330
4516000,0.1637,0,2024-04-17 21:28:35.330
4515000,1.8319,0,2024-04-17 21:28:35.330
4514000,0.1232,0,2024-04-17 21:28:35.330
4519000,4.0472,1,2024-04-17 21:28:35.330
4520000,18.6295,1,2024-04-17 21:28:35.330
4521000,0.419,1,2024-04-17 21:28:35.330
4522000,0.5395,1,2024-04-17 21:28:35.330
4523000,1,1,2024-04-17 21:28:35.330
4517000,0.6688,0,2024-04-17 21:28:41.109
4516000,0.1637,0,2024-04-17 21:28:41.109
4515000,4.1429,0,2024-04-17 21:28:41.109
4514000,0.5474,0,2024-04-17 21:28:41.109
4513000,16.0301,0,2024-04-17 21:28:41.109
4519000,1.977,1,2024-04-17 21:28:41.109
4520000,6.5,1,2024-04-17 21:28:41.109
4521000,16.419,1,2024-04-17 21:28:41.109
4522000,0.595,1,2024-04-17 21:28:41.109
4523000,1.4402,1,2024-04-17 21:28:41.109
4517000,16.5391,0,2024-04-17 21:28:46.941
4516000,3.5939,0,2024-04-17 21:28:46.941
4515000,8.4636,0,2024-04-17 21:28:46.941
4514000,4.6495,0,2024-04-17 21:28:46.941
4513000,4.2359,0,2024-04-17 21:28:46.941
4518000,2.1652,1,2024-04-17 21:28:46.941
4519000,1.9666,1,2024-04-17 21:28:46.941
4520000,6.5,1,2024-04-17 21:28:46.941
4522000,0.1021,1,2024-04-17 21:28:46.941
4525000,15.7313,1,2024-04-17 21:28:46.941
4517000,17.8724,0,2024-04-17 21:28:52.685
4516000,3.5939,0,2024-04-17 21:28:52.685
4515000,8.4636,0,2024-04-17 21:28:52.685
4514000,4.6495,0,2024-04-17 21:28:52.685
4513000,4.2359,0,2024-04-17 21:28:52.685
4518000,0.3532,1,2024-04-17 21:28:52.685
4519000,2.1835,1,2024-04-17 21:28:52.685
4520000,6.5,1,2024-04-17 21:28:52.685
4522000,0.1021,1,2024-04-17 21:28:52.685
4525000,16.1736,1,2024-04-17 21:28:52.685
4520000,2.7839,0,2024-04-17 21:28:59.343
4519000,16.7652,0,2024-04-17 21:28:59.343
4518000,3.4481,0,2024-04-17 21:28:59.343
4517000,5.5528,0,2024-04-17 21:28:59.343
4516000,10.4918,0,2024-04-17 21:28:59.343
4525000,0.7313,1,2024-04-17 21:28:59.343
4526000,3.69,1,2024-04-17 21:28:59.343
4527000,15,1,2024-04-17 21:28:59.343
4528000,7.179,1,2024-04-17 21:28:59.343
4529000,1.4378,1,2024-04-17 21:28:59.343
4518000,5.2296,0,2024-04-17 21:29:05.052
4517000,21.4259,0,2024-04-17 21:29:05.052
4516000,4.1537,0,2024-04-17 21:29:05.052
4515000,6.1844,0,2024-04-17 21:29:05.052
4514000,4.1232,0,2024-04-17 21:29:05.052
4524000,0.434,1,2024-04-17 21:29:05.052
4525000,15.8334,1,2024-04-17 21:29:05.052
4527000,0.4374,1,2024-04-17 21:29:05.052
4528000,2.7372,1,2024-04-17 21:29:05.052
4529000,1.789,1,2024-04-17 21:29:05.052
4521000,2.2055,0,2024-04-17 21:29:10.793
4520000,0.6798,0,2024-04-17 21:29:10.793
4518000,18.3197,0,2024-04-17 21:29:10.793
4517000,4.6682,0,2024-04-17 21:29:10.793
4516000,4.5058,0,2024-04-17 21:29:10.793
4525000,1.1673,1,2024-04-17 21:29:10.793
4527000,15.4374,1,2024-04-17 21:29:10.793
4528000,1.4179,1,2024-04-17 21:29:10.793
4529000,1.4378,1,2024-04-17 21:29:10.793
4530000,1.9774,1,2024-04-17 21:29:10.793
4521000,2.2055,0,2024-04-17 21:29:16.514
4520000,0.6798,0,2024-04-17 21:29:16.514
4519000,0.2944,0,2024-04-17 21:29:16.514
4518000,19.342,0,2024-04-17 21:29:16.514
4517000,4.7899,0,2024-04-17 21:29:16.514
4522000,2.5806,1,2024-04-17 21:29:16.514
4524000,0.4423,1,2024-04-17 21:29:16.514
4525000,1.1673,1,2024-04-17 21:29:16.514
4527000,15.4374,1,2024-04-17 21:29:16.514
4528000,1.4179,1,2024-04-17 21:29:16.514
4521000,2.2012,0,2024-04-17 21:29:22.415
4520000,0.6798,0,2024-04-17 21:29:22.415
4519000,0.011,0,2024-04-17 21:29:22.415
4518000,3.2056,0,2024-04-17 21:29:22.415
4517000,20.1571,0,2024-04-17 21:29:22.415
4522000,0.1535,1,2024-04-17 21:29:22.415
4524000,0.4423,1,2024-04-17 21:29:22.415
4525000,16.1673,1,2024-04-17 21:29:22.415
4527000,0.4374,1,2024-04-17 21:29:22.415
4528000,1.4179,1,2024-04-17 21:29:22.415
4521000,2.205,0,2024-04-17 21:29:28.215
4520000,1.6798,0,2024-04-17 21:29:28.215
4519000,0.011,0,2024-04-17 21:29:28.215
4518000,0.2008,0,2024-04-17 21:29:28.215
4517000,3.8054,0,2024-04-17 21:29:28.215
4522000,0.1155,1,2024-04-17 21:29:28.215
4524000,0.4423,1,2024-04-17 21:29:28.215
4525000,19.9594,1,2024-04-17 21:29:28.215
4526000,3.69,1,2024-04-17 21:29:28.215
4527000,5.8474,1,2024-04-17 21:29:28.215
4520000,3.8853,0,2024-04-17 21:29:33.493
4519000,0.0121,0,2024-04-17 21:29:33.493
4518000,0.0232,0,2024-04-17 21:29:33.493
4517000,3.8054,0,2024-04-17 21:29:33.493
4516000,20.4745,0,2024-04-17 21:29:33.493
4522000,1.818,1,2024-04-17 21:29:33.493
4523000,4.1236,1,2024-04-17 21:29:33.493
4524000,0.4423,1,2024-04-17 21:29:33.493
4525000,16.2694,1,2024-04-17 21:29:33.493
4527000,7.1671,1,2024-04-17 21:29:33.493
4520000,1.6747,0,2024-04-17 21:29:38.606
4519000,2.2216,0,2024-04-17 21:29:38.606
4518000,0.5684,0,2024-04-17 21:29:38.606
4517000,3.8054,0,2024-04-17 21:29:38.606
4516000,19.1548,0,2024-04-17 21:29:38.606
4521000,10.38,1,2024-04-17 21:29:38.606
4522000,1.6635,1,2024-04-17 21:29:38.606
4523000,0.4336,1,2024-04-17 21:29:38.606
4524000,0.4423,1,2024-04-17 21:29:38.606
4525000,21.6794,1,2024-04-17 21:29:38.606
4521000,0.2012,0,2024-04-17 21:29:43.771
4520000,1.7175,0,2024-04-17 21:29:43.771
4519000,2.2216,0,2024-04-17 21:29:43.771
4518000,0.5684,0,2024-04-17 21:29:43.771
4517000,5.1252,0,2024-04-17 21:29:43.771
4522000,5.3535,1,2024-04-17 21:29:43.771
4523000,4.1396,1,2024-04-17 21:29:43.771
4524000,0.4423,1,2024-04-17 21:29:43.771
4525000,21.6794,1,2024-04-17 21:29:43.771
4527000,0.7884,1,2024-04-17 21:29:43.771
4520000,1.7175,0,2024-04-17 21:29:48.958
4519000,2.2216,0,2024-04-17 21:29:48.958
4518000,0.5684,0,2024-04-17 21:29:48.958
4517000,5.1251,0,2024-04-17 21:29:48.958
4516000,19.1548,0,2024-04-17 21:29:48.958
4521000,3.36,1,2024-04-17 21:29:48.958
4522000,5.3567,1,2024-04-17 21:29:48.958
4524000,0.4423,1,2024-04-17 21:29:48.958
4525000,21.6794,1,2024-04-17 21:29:48.958
4527000,0.7884,1,2024-04-17 21:29:48.958
4520000,1.7064,0,2024-04-17 21:29:54.080
4519000,2.2227,0,2024-04-17 21:29:54.080
4518000,1.3428,0,2024-04-17 21:29:54.080
4517000,3.8054,0,2024-04-17 21:29:54.080
4516000,19.1548,0,2024-04-17 21:29:54.080
4521000,1.0776,1,2024-04-17 21:29:54.080
4522000,9.0467,1,2024-04-17 21:29:54.080
4524000,0.4498,1,2024-04-17 21:29:54.080
4525000,21.6794,1,2024-04-17 21:29:54.080
4527000,0.4374,1,2024-04-17 21:29:54.080
4519000,2.2232,0,2024-04-17 21:29:59.276
4518000,0.0232,0,2024-04-17 21:29:59.276
4517000,5.1251,0,2024-04-17 21:29:59.276
4516000,19.1548,0,2024-04-17 21:29:59.276
4515000,5.8319,0,2024-04-17 21:29:59.276
4520000,0.1624,1,2024-04-17 21:29:59.276
4521000,5.188,1,2024-04-17 21:29:59.276
4522000,5.3567,1,2024-04-17 21:29:59.276
4524000,0.4498,1,2024-04-17 21:29:59.276
4525000,27.0894,1,2024-04-17 21:29:59.276
4519000,0,0,2024-04-17 21:30:04.446
4518000,2.2292,0,2024-04-17 21:30:04.446
4517000,0.8054,0,2024-04-17 21:30:04.446
4516000,0.1548,0,2024-04-17 21:30:04.446
4515000,1.8319,0,2024-04-17 21:30:04.446
4520000,5.7609,1,2024-04-17 21:30:04.446
4521000,20.6286,1,2024-04-17 21:30:04.446
4522000,2.0895,1,2024-04-17 21:30:04.446
4523000,0.5228,1,2024-04-17 21:30:04.446
4524000,2.3282,1,2024-04-17 21:30:04.446
4518000,0.0025,0,2024-04-17 21:30:09.739
4517000,0.8054,0,2024-04-17 21:30:09.739
4516000,5.3618,0,2024-04-17 21:30:09.739
4515000,22.1517,0,2024-04-17 21:30:09.739
4514000,8.1668,0,2024-04-17 21:30:09.739
4519000,0.9699,1,2024-04-17 21:30:09.739
4520000,3.69,1,2024-04-17 21:30:09.739
4521000,1.498,1,2024-04-17 21:30:09.739
4522000,3.69,1,2024-04-17 21:30:09.739
4523000,0.5228,1,2024-04-17 21:30:09.739
4519000,8.0956,0,2024-04-17 21:30:15.001
4518000,0.0094,0,2024-04-17 21:30:15.001
4517000,22.0124,0,2024-04-17 21:30:15.001
4516000,7.8448,0,2024-04-17 21:30:15.001
4515000,5.8319,0,2024-04-17 21:30:15.001
4521000,1.4012,1,2024-04-17 21:30:15.001
4523000,3.69,1,2024-04-17 21:30:15.001
4524000,0.0075,1,2024-04-17 21:30:15.001
4525000,4.8602,1,2024-04-17 21:30:15.001
4526000,3,1,2024-04-17 21:30:15.001
4517000,4.59,0,2024-04-17 21:30:20.265
4516000,20.4745,0,2024-04-17 21:30:20.265
4515000,11.7279,0,2024-04-17 21:30:20.265
4514000,4.1243,0,2024-04-17 21:30:20.265
4513000,5.2784,0,2024-04-17 21:30:20.265
4521000,4.0958,1,2024-04-17 21:30:20.265
4522000,3.69,1,2024-04-17 21:30:20.265
4523000,0.476,1,2024-04-17 21:30:20.265
4524000,0.5439,1,2024-04-17 21:30:20.265
4525000,26.9902,1,2024-04-17 21:30:20.265
4518000,4.1263,0,2024-04-17 21:30:25.466
4517000,4.59,0,2024-04-17 21:30:25.466
4516000,19.1548,0,2024-04-17 21:30:25.466
4515000,9.5219,0,2024-04-17 21:30:25.466
4514000,4.4763,0,2024-04-17 21:30:25.466
4521000,5.0958,1,2024-04-17 21:30:25.466
4522000,3.69,1,2024-04-17 21:30:25.466
4523000,0.0316,1,2024-04-17 21:30:25.466
4524000,0.5439,1,2024-04-17 21:30:25.466
4525000,21.5802,1,2024-04-17 21:30:25.466
4519000,4.329,0,2024-04-17 21:30:30.895
4518000,20.3318,0,2024-04-17 21:30:30.895
4517000,4.59,0,2024-04-17 21:30:30.895
4516000,7.8461,0,2024-04-17 21:30:30.895
4515000,9.5219,0,2024-04-17 21:30:30.895
4521000,3.9462,1,2024-04-17 21:30:30.895
4522000,1,1,2024-04-17 21:30:30.895
4523000,0.0316,1,2024-04-17 21:30:30.895
4524000,3.7996,1,2024-04-17 21:30:30.895
4525000,1.1702,1,2024-04-17 21:30:30.895
4519000,7.3277,0,2024-04-17 21:30:36.325
4518000,21.8163,0,2024-04-17 21:30:36.325
4517000,4.5929,0,2024-04-17 21:30:36.325
4516000,4.1561,0,2024-04-17 21:30:36.325
4515000,9.8741,0,2024-04-17 21:30:36.325
4521000,3.2999,1,2024-04-17 21:30:36.325
4522000,4.69,1,2024-04-17 21:30:36.325
4523000,1.0316,1,2024-04-17 21:30:36.325
4524000,0.1096,1,2024-04-17 21:30:36.325
4525000,0.7313,1,2024-04-17 21:30:36.325
4520000,1,0,2024-04-17 21:30:41.469
4519000,6.0087,0,2024-04-17 21:30:41.469
4518000,5.3318,0,2024-04-17 21:30:41.469
4517000,19.5929,0,2024-04-17 21:30:41.469
4516000,4.1561,0,2024-04-17 21:30:41.469
4521000,0,1,2024-04-17 21:30:41.469
4522000,1,1,2024-04-17 21:30:41.469
4523000,1.0316,1,2024-04-17 21:30:41.469
4524000,1.0075,1,2024-04-17 21:30:41.469
4525000,16.7313,1,2024-04-17 21:30:41.469
4521000,5.3594,0,2024-04-17 21:30:46.599
4520000,1,0,2024-04-17 21:30:46.599
4519000,10.6987,0,2024-04-17 21:30:46.599
4518000,5.3329,0,2024-04-17 21:30:46.599
4517000,23.2829,0,2024-04-17 21:30:46.599
4522000,1,1,2024-04-17 21:30:46.599
4523000,4.7216,1,2024-04-17 21:30:46.599
4524000,1.0075,1,2024-04-17 21:30:46.599
4525000,1.7313,1,2024-04-17 21:30:46.599
4526000,19.69,1,2024-04-17 21:30:46.599
4522000,2.1755,0,2024-04-17 21:30:51.716
4521000,5.3594,0,2024-04-17 21:30:51.716
4520000,1,0,2024-04-17 21:30:51.716
4519000,22.0087,0,2024-04-17 21:30:51.716
4518000,5.3329,0,2024-04-17 21:30:51.716
4523000,1.0316,1,2024-04-17 21:30:51.716
4524000,1.0075,1,2024-04-17 21:30:51.716
4525000,5.4213,1,2024-04-17 21:30:51.716
4526000,1,1,2024-04-17 21:30:51.716
4527000,16.4252,1,2024-04-17 21:30:51.716
4522000,2.1755,0,2024-04-17 21:30:56.989
4521000,10.0494,0,2024-04-17 21:30:56.989
4520000,4.2055,0,2024-04-17 21:30:56.989
4519000,22.0087,0,2024-04-17 21:30:56.989
4518000,6.8174,0,2024-04-17 21:30:56.989
4524000,1.0005,1,2024-04-17 21:30:56.989
4525000,1.7313,1,2024-04-17 21:30:56.989
4526000,1,1,2024-04-17 21:30:56.989
4527000,4.69,1,2024-04-17 21:30:56.989
4528000,16.4239,1,2024-04-17 21:30:56.989
4523000,1.9985,0,2024-04-17 21:31:02.468
4522000,4.154,0,2024-04-17 21:31:02.468
4521000,6.3594,0,2024-04-17 21:31:02.468
4520000,2,0,2024-04-17 21:31:02.468
4519000,22.0087,0,2024-04-17 21:31:02.468
4524000,1.0005,1,2024-04-17 21:31:02.468
4525000,1.7313,1,2024-04-17 21:31:02.468
4526000,1,1,2024-04-17 21:31:02.468
4527000,2.7444,1,2024-04-17 21:31:02.468
4528000,16.4239,1,2024-04-17 21:31:02.468
4523000,0.7065,0,2024-04-17 21:31:07.890
4522000,2.836,0,2024-04-17 21:31:07.890
4520000,2.3197,0,2024-04-17 21:31:07.890
4519000,7.0087,0,2024-04-17 21:31:07.890
4518000,18.1274,0,2024-04-17 21:31:07.890
4524000,1.0005,1,2024-04-17 21:31:07.890
4525000,3.8204,1,2024-04-17 21:31:07.890
4526000,16.4364,1,2024-04-17 21:31:07.890
4527000,1.527,1,2024-04-17 21:31:07.890
4528000,4.4239,1,2024-04-17 21:31:07.890
4522000,0.53,0,2024-04-17 21:31:12.993
4520000,2.3197,0,2024-04-17 21:31:12.993
4519000,7.0087,0,2024-04-17 21:31:12.993
4518000,18.1274,0,2024-04-17 21:31:12.993
4517000,4.5929,0,2024-04-17 21:31:12.993
4523000,1.3576,1,2024-04-17 21:31:12.993
4524000,1.0161,1,2024-04-17 21:31:12.993
4525000,3.3736,1,2024-04-17 21:31:12.993
4526000,16.4364,1,2024-04-17 21:31:12.993
4527000,1.527,1,2024-04-17 21:31:12.993
4520000,1.0011,0,2024-04-17 21:31:18.096
4519000,9.5331,0,2024-04-17 21:31:18.096
4518000,3.1274,0,2024-04-17 21:31:18.096
4517000,19.5885,0,2024-04-17 21:31:18.096
4516000,4.1561,0,2024-04-17 21:31:18.096
4522000,0.6454,1,2024-04-17 21:31:18.096
4523000,1.1929,1,2024-04-17 21:31:18.096
4524000,1.4417,1,2024-04-17 21:31:18.096
4525000,3.9023,1,2024-04-17 21:31:18.096
4526000,19.4364,1,2024-04-17 21:31:18.096
4520000,4.0011,0,2024-04-17 21:31:23.324
4519000,9.2142,0,2024-04-17 21:31:23.324
4518000,3.1274,0,2024-04-17 21:31:23.324
4517000,19.9407,0,2024-04-17 21:31:23.324
4516000,4.1561,0,2024-04-17 21:31:23.324
4522000,0.2239,1,2024-04-17 21:31:23.324
4523000,0.2749,1,2024-04-17 21:31:23.324
4524000,1.0161,1,2024-04-17 21:31:23.324
4525000,3.3736,1,2024-04-17 21:31:23.324
4526000,1,1,2024-04-17 21:31:23.324
4523000,5.725,0,2024-04-17 21:31:28.412
4522000,5.929,0,2024-04-17 21:31:28.412
4520000,22.2066,0,2024-04-17 21:31:28.412
4519000,7.0087,0,2024-04-17 21:31:28.412
4518000,3.4797,0,2024-04-17 21:31:28.412
4524000,1.0005,1,2024-04-17 21:31:28.412
4525000,1.7313,1,2024-04-17 21:31:28.412
4526000,1,1,2024-04-17 21:31:28.412
4527000,2.5756,1,2024-04-17 21:31:28.412
4528000,16.4312,1,2024-04-17 21:31:28.412
4523000,0.0248,0,2024-04-17 21:31:33.543
4522000,5.929,0,2024-04-17 21:31:33.543
4520000,22.2066,0,2024-04-17 21:31:33.543
4519000,7.0087,0,2024-04-17 21:31:33.543
4518000,3.1274,0,2024-04-17 21:31:33.543
4524000,1.0005,1,2024-04-17 21:31:33.543
4525000,1.7313,1,2024-04-17 21:31:33.543
4526000,1,1,2024-04-17 21:31:33.543
4527000,2.5756,1,2024-04-17 21:31:33.543
4528000,16.4312,1,2024-04-17 21:31:33.543
4523000,0.1101,0,2024-04-17 21:31:38.674
4521000,2.2055,0,2024-04-17 21:31:38.674
4520000,4.0011,0,2024-04-17 21:31:38.674
4519000,7.0087,0,2024-04-17 21:31:38.674
4518000,21.8174,0,2024-04-17 21:31:38.674
4524000,0.0744,1,2024-04-17 21:31:38.674
4525000,1.7313,1,2024-04-17 21:31:38.674
4526000,18.002,1,2024-04-17 21:31:38.674
4527000,1.5312,1,2024-04-17 21:31:38.674
4528000,2.7495,1,2024-04-17 21:31:38.674
4521000,2.1449,0,2024-04-17 21:31:44.388
4520000,7.6911,0,2024-04-17 21:31:44.388
4519000,10.6987,0,2024-04-17 21:31:44.388
4518000,19.4476,0,2024-04-17 21:31:44.388
4517000,10.3503,0,2024-04-17 21:31:44.388
4525000,1.4872,1,2024-04-17 21:31:44.388
4526000,2.5563,1,2024-04-17 21:31:44.388
4527000,16.5312,1,2024-04-17 21:31:44.388
4528000,5.1212,1,2024-04-17 21:31:44.388
4529000,5.7673,1,2024-04-17 21:31:44.388
4522000,3.2045,0,2024-04-17 21:31:50.161
4521000,3,0,2024-04-17 21:31:50.161
4520000,20.0011,0,2024-04-17 21:31:50.161
4519000,7.0087,0,2024-04-17 21:31:50.161
4518000,6.8196,0,2024-04-17 21:31:50.161
4525000,1.4044,1,2024-04-17 21:31:50.161
4526000,1,1,2024-04-17 21:31:50.161
4527000,1.4291,1,2024-04-17 21:31:50.161
4528000,16.4312,1,2024-04-17 21:31:50.161
4529000,4.4493,1,2024-04-17 21:31:50.161
4522000,6.8945,0,2024-04-17 21:31:55.901
4521000,3,0,2024-04-17 21:31:55.901
4520000,20.0011,0,2024-04-17 21:31:55.901
4519000,8.3265,0,2024-04-17 21:31:55.901
4518000,3.4818,0,2024-04-17 21:31:55.901
4525000,1.2003,1,2024-04-17 21:31:55.901
4526000,4.69,1,2024-04-17 21:31:55.901
4527000,1.4291,1,2024-04-17 21:31:55.901
4528000,16.4312,1,2024-04-17 21:31:55.901
4529000,8.1393,1,2024-04-17 21:31:55.901
4522000,1,0,2024-04-17 21:32:01.121
4521000,5.2045,0,2024-04-17 21:32:01.121
4520000,27.3811,0,2024-04-17 21:32:01.121
4519000,8.3265,0,2024-04-17 21:32:01.121
4518000,3.4818,0,2024-04-17 21:32:01.121
4525000,0.702,1,2024-04-17 21:32:01.121
4526000,1,1,2024-04-17 21:32:01.121
4527000,1.4291,1,2024-04-17 21:32:01.121
4528000,20.1212,1,2024-04-17 21:32:01.121
4529000,8.1393,1,2024-04-17 21:32:01.121
4522000,1,0,2024-04-17 21:32:06.220
4521000,3,0,2024-04-17 21:32:06.220
4520000,23.7132,0,2024-04-17 21:32:06.220
4519000,8.3264,0,2024-04-17 21:32:06.220
4518000,8.8918,0,2024-04-17 21:32:06.220
4525000,0.5728,1,2024-04-17 21:32:06.220
4526000,1,1,2024-04-17 21:32:06.220
4527000,1.4291,1,2024-04-17 21:32:06.220
4528000,20.1212,1,2024-04-17 21:32:06.220
4529000,8.1393,1,2024-04-17 21:32:06.220
4522000,1,0,2024-04-17 21:32:11.388
4521000,5.2045,0,2024-04-17 21:32:11.388
4520000,27.4032,0,2024-04-17 21:32:11.388
4519000,8.3265,0,2024-04-17 21:32:11.388
4518000,8.8918,0,2024-04-17 21:32:11.388
4525000,0.4582,1,2024-04-17 21:32:11.388
4526000,1,1,2024-04-17 21:32:11.388
4527000,5.1191,1,2024-04-17 21:32:11.388
4528000,16.4312,1,2024-04-17 21:32:11.388
4529000,8.1393,1,2024-04-17 21:32:11.388
4522000,3.2045,0,2024-04-17 21:32:16.503
4521000,3,0,2024-04-17 21:32:16.503
4520000,8.7132,0,2024-04-17 21:32:16.503
4519000,22.0087,0,2024-04-17 21:32:16.503
4518000,7.1718,0,2024-04-17 21:32:16.503
4525000,0.3119,1,2024-04-17 21:32:16.503
4526000,1.451,1,2024-04-17 21:32:16.503
4527000,5.1191,1,2024-04-17 21:32:16.503
4528000,16.4312,1,2024-04-17 21:32:16.503
4529000,8.1393,1,2024-04-17 21:32:16.503
4523000,0.7303,0,2024-04-17 21:32:21.626
4522000,3.2045,0,2024-04-17 21:32:21.626
4521000,0.0022,0,2024-04-17 21:32:21.626
4520000,3.0232,0,2024-04-17 21:32:21.626
4519000,7.0087,0,2024-04-17 21:32:21.626
4525000,0.5613,1,2024-04-17 21:32:21.626
4526000,16.451,1,2024-04-17 21:32:21.626
4527000,5.2212,1,2024-04-17 21:32:21.626
4528000,1.4312,1,2024-04-17 21:32:21.626
4529000,9.8593,1,2024-04-17 21:32:21.626
4524000,0.1507,0,2024-04-17 21:32:26.746
4523000,0.355,0,2024-04-17 21:32:26.746
4522000,1,0,2024-04-17 21:32:26.746
4521000,5.8967,0,2024-04-17 21:32:26.746
4520000,3.0232,0,2024-04-17 21:32:26.746
4525000,3.69,1,2024-04-17 21:32:26.746
4526000,1,1,2024-04-17 21:32:26.746
4527000,20.7724,1,2024-04-17 21:32:26.746
4528000,1.4312,1,2024-04-17 21:32:26.746
4529000,10.728,1,2024-04-17 21:32:26.746
4525000,0.0761,0,2024-04-17 21:32:32.046
4524000,0.1507,0,2024-04-17 21:32:32.046
4523000,0.355,0,2024-04-17 21:32:32.046
4522000,6.9035,0,2024-04-17 21:32:32.046
4521000,3.3572,0,2024-04-17 21:32:32.046
4526000,1,1,2024-04-17 21:32:32.046
4527000,5.6703,1,2024-04-17 21:32:32.046
4528000,19.7921,1,2024-04-17 21:32:32.046
4529000,4.4357,1,2024-04-17 21:32:32.046
4530000,6.3658,1,2024-04-17 21:32:32.046
4524000,0.1507,0,2024-04-17 21:32:37.437
4523000,0.355,0,2024-04-17 21:32:37.437
4522000,1.009,0,2024-04-17 21:32:37.437
4521000,3.0022,0,2024-04-17 21:32:37.437
4520000,19.0232,0,2024-04-17 21:32:37.437
4525000,0.0802,1,2024-04-17 21:32:37.437
4526000,0.688,1,2024-04-17 21:32:37.437
4527000,5.6703,1,2024-04-17 21:32:37.437
4528000,19.7921,1,2024-04-17 21:32:37.437
4529000,4.7907,1,2024-04-17 21:32:37.437
4524000,0.1507,0,2024-04-17 21:32:42.611
4523000,0.355,0,2024-04-17 21:32:42.611
4522000,1.009,0,2024-04-17 21:32:42.611
4521000,3.0022,0,2024-04-17 21:32:42.611
4520000,22.7132,0,2024-04-17 21:32:42.611
4526000,4.1866,1,2024-04-17 21:32:42.611
4527000,1,1,2024-04-17 21:32:42.611
4528000,16.1021,1,2024-04-17 21:32:42.611
4529000,4.7907,1,2024-04-17 21:32:42.611
4530000,5.0481,1,2024-04-17 21:32:42.611
4525000,0.2209,0,2024-04-17 21:32:47.715
4524000,0.0017,0,2024-04-17 21:32:47.715
4522000,1.009,0,2024-04-17 21:32:47.715
4521000,3.0022,0,2024-04-17 21:32:47.715
4520000,7.7132,0,2024-04-17 21:32:47.715
4526000,4.1866,1,2024-04-17 21:32:47.715
4527000,6.2065,1,2024-04-17 21:32:47.715
4528000,16.5239,1,2024-04-17 21:32:47.715
4529000,5.4447,1,2024-04-17 21:32:47.715
4530000,10.4581,1,2024-04-17 21:32:47.715
4522000,2.009,0,2024-04-17 21:32:52.816
4521000,5.8967,0,2024-04-17 21:32:52.816
4520000,4.0232,0,2024-04-17 21:32:52.816
4519000,10.6987,0,2024-04-17 21:32:52.816
4518000,18.4872,0,2024-04-17 21:32:52.816
4524000,0.7128,1,2024-04-17 21:32:52.816
4525000,0.0014,1,2024-04-17 21:32:52.816
4526000,0.4966,1,2024-04-17 21:32:52.816
4527000,6.2004,1,2024-04-17 21:32:52.816
4528000,16.5239,1,2024-04-17 21:32:52.816
4522000,5.699,0,2024-04-17 21:32:58.036
4521000,2.2067,0,2024-04-17 21:32:58.036
4520000,19.736,0,2024-04-17 21:32:58.036
4519000,10.6987,0,2024-04-17 21:32:58.036
4518000,3.1355,0,2024-04-17 21:32:58.036
4526000,4.1866,1,2024-04-17 21:32:58.036
4527000,2.5104,1,2024-04-17 21:32:58.036
4528000,20.2139,1,2024-04-17 21:32:58.036
4529000,4.4357,1,2024-04-17 21:32:58.036
4530000,11.776,1,2024-04-17 21:32:58.036
4523000,3.0087,0,2024-04-17 21:33:03.225
4522000,2.009,0,2024-04-17 21:33:03.225
4521000,5.8967,0,2024-04-17 21:33:03.225
4520000,4.0232,0,2024-04-17 21:33:03.225
4519000,25.6987,0,2024-04-17 21:33:03.225
4525000,3.69,1,2024-04-17 21:33:03.225
4526000,0.4966,1,2024-04-17 21:33:03.225
4527000,2.5104,1,2024-04-17 21:33:03.225
4528000,20.2139,1,2024-04-17 21:33:03.225
4529000,4.4357,1,2024-04-17 21:33:03.225
4524000,2,0,2024-04-17 21:33:08.695
4523000,3.0087,0,2024-04-17 21:33:08.695
4522000,2.019,0,2024-04-17 21:33:08.695
4521000,5.8967,0,2024-04-17 21:33:08.695
4520000,5.3411,0,2024-04-17 21:33:08.695
4526000,0.4745,1,2024-04-17 21:33:08.695
4527000,2.5104,1,2024-04-17 21:33:08.695
4528000,20.2139,1,2024-04-17 21:33:08.695
4529000,4.4357,1,2024-04-17 21:33:08.695
4530000,10.4581,1,2024-04-17 21:33:08.695
4525000,0.0385,0,2024-04-17 21:33:13.828
4524000,2,0,2024-04-17 21:33:13.828
4523000,3.0087,0,2024-04-17 21:33:13.828
4522000,5.709,0,2024-04-17 21:33:13.828
4521000,3.0022,0,2024-04-17 21:33:13.828
4526000,3.8643,1,2024-04-17 21:33:13.828
4527000,1,1,2024-04-17 21:33:13.828
4528000,19.69,1,2024-04-17 21:33:13.828
4529000,4.5378,1,2024-04-17 21:33:13.828
4530000,10.4581,1,2024-04-17 21:33:13.828
4525000,0.9844,0,2024-04-17 21:33:19.214
4524000,2.0015,0,2024-04-17 21:33:19.214
4523000,3.0087,0,2024-04-17 21:33:19.214
4522000,4.709,0,2024-04-17 21:33:19.214
4521000,3.0022,0,2024-04-17 21:33:19.214
4526000,3.8643,1,2024-04-17 21:33:19.214
4527000,1,1,2024-04-17 21:33:19.214
4528000,19.69,1,2024-04-17 21:33:19.214
4529000,4.5378,1,2024-04-17 21:33:19.214
4530000,10.4581,1,2024-04-17 21:33:19.214
4525000,0.805,0,2024-04-17 21:33:24.424
4524000,2.0015,0,2024-04-17 21:33:24.424
4523000,3.0087,0,2024-04-17 21:33:24.424
4522000,1.019,0,2024-04-17 21:33:24.424
4521000,19.0022,0,2024-04-17 21:33:24.424
4526000,0.1743,1,2024-04-17 21:33:24.424
4527000,1,1,2024-04-17 21:33:24.424
4528000,1,1,2024-04-17 21:33:24.424
4529000,19.5378,1,2024-04-17 21:33:24.424
4530000,8.7381,1,2024-04-17 21:33:24.424
4525000,0.805,0,2024-04-17 21:33:29.531
4524000,2.0015,0,2024-04-17 21:33:29.531
4523000,3.0087,0,2024-04-17 21:33:29.531
4522000,4.709,0,2024-04-17 21:33:29.531
4521000,24.0097,0,2024-04-17 21:33:29.531
4526000,0.1301,1,2024-04-17 21:33:29.531
4527000,1,1,2024-04-17 21:33:29.531
4528000,1,1,2024-04-17 21:33:29.531
4529000,23.2219,1,2024-04-17 21:33:29.531
4530000,5.0481,1,2024-04-17 21:33:29.531
4525000,0.6873,0,2024-04-17 21:33:34.656
4524000,3.3191,0,2024-04-17 21:33:34.656
4523000,3.0087,0,2024-04-17 21:33:34.656
4522000,4.709,0,2024-04-17 21:33:34.656
4521000,22.6922,0,2024-04-17 21:33:34.656
4526000,0.0274,1,2024-04-17 21:33:34.656
4527000,4.69,1,2024-04-17 21:33:34.656
4528000,1,1,2024-04-17 21:33:34.656
4529000,23.2219,1,2024-04-17 21:33:34.656
4530000,5.0481,1,2024-04-17 21:33:34.656
4526000,0.0043,0,2024-04-17 21:33:39.752
4525000,0.8847,0,2024-04-17 21:33:39.752
4524000,2.0015,0,2024-04-17 21:33:39.752
4523000,8.0162,0,2024-04-17 21:33:39.752
4522000,1.019,0,2024-04-17 21:33:39.752
4527000,4.69,1,2024-04-17 21:33:39.752
4528000,1,1,2024-04-17 21:33:39.752
4529000,23.2219,1,2024-04-17 21:33:39.752
4530000,5.0481,1,2024-04-17 21:33:39.752
4531000,4,1,2024-04-17 21:33:39.752
4525000,0.6748,0,2024-04-17 21:33:45.266
4524000,2.0015,0,2024-04-17 21:33:45.266
4523000,6.6987,0,2024-04-17 21:33:45.266
4522000,2.3367,0,2024-04-17 21:33:45.266
4521000,22.6922,0,2024-04-17 21:33:45.266
4527000,4.69,1,2024-04-17 21:33:45.266
4528000,1,1,2024-04-17 21:33:45.266
4529000,23.2219,1,2024-04-17 21:33:45.266
4530000,5.0481,1,2024-04-17 21:33:45.266
4531000,4,1,2024-04-17 21:33:45.266
4524000,2.0015,0,2024-04-17 21:33:50.377
4522000,8.2298,0,2024-04-17 21:33:50.377
4521000,19.0022,0,2024-04-17 21:33:50.377
4520000,4.0232,0,2024-04-17 21:33:50.377
4519000,7.69,0,2024-04-17 21:33:50.377
4525000,0.6521,1,2024-04-17 21:33:50.377
4527000,4.69,1,2024-04-17 21:33:50.377
4528000,1.4179,1,2024-04-17 21:33:50.377
4529000,23.2219,1,2024-04-17 21:33:50.377
4530000,5.0481,1,2024-04-17 21:33:50.377
4524000,2.0108,0,2024-04-17 21:33:55.498
4522000,6.0267,0,2024-04-17 21:33:55.498
4521000,19.0022,0,2024-04-17 21:33:55.498
4520000,4.0232,0,2024-04-17 21:33:55.498
